3440 5238
814 404 858 414 -
906 351 1035 436 58'-

258 565 449 650 ἐπαγγελίας
479 561 591 640 αἰδώς,
619 563 746 655 ἢᾶλλιγ
777 567 1025 654 φιλανθρωπία,
1054 569 1109 634 καὶ
1136 564 1288 651 λογισμὸς
1316 563 1372 632 ἐπὶ
1396 573 1599 653 συμφέροντι
1717 575 1718 648 ζ

257 673 315 762 τὴν
331 675 505 757 τυραννίδα
521 675 683 756 γενέσθαι,
707 669 774 736 Nfc.
792 676 847 739 καὶ
870 673 918 738 vel
940 676 1031 763 ἢκαλ
1047 676 1124 759 loy„
1147 677 1219 750 δέος
1243 671 1325 736 enim
1346 672 1378 737 ct
1395 671 1598 763 κατάπληξις
1710 659 1718 750 λ,

257 780 288 842 et
311 778 407 855 αἰδώς
431 778 461 842 et
485 778 722 864 φιλανθρωπία
745 778 818 842 sunt
833 777 918 844 varia
941 797 1068 845 sensus
1085 797 1206 863 genera,
1230 778 1380 864 λογισμός
1404 778 1507 842 autem
1527 797 1599 860 per-

256 886 336 950 tinet
359 884 399 950 ad
422 883 587 949 mentem.
634 880 742 963 Neque
769 883 852 948 enim
880 904 935 968 pro
963 885 1102 952 vocabuli
1129 887 1212 974 ἄλλη
1242 884 1337 969 (quod
1364 903 1424 950 non
1447 883 1599 949 vertentes

257 992 372 1074 optime
395 990 563 1074 vertamus)
587 989 809 1073 significatione
831 991 887 1056 illa
900 992 925 1076 ¹)
949 992 1153 1058 dubitandum
1176 993 1232 1071 est,
1256 992 1340 1073 quin,
1365 991 1391 1054 si
1411 991 1599 1081 ἢλογισμός
1717 1027 1718 1070 r

257 1098 428 1181 scripsisset
450 1097 499 1175 Α,
523 1097 693 1180 legeremus
717 1100 743 1185 ιγ’
767 1099 1005 1185 φιλανθρωπία
1028 1102 1049 1190 ἢ
1073 1101 1170 1177 ἄλλος
1193 1097 1351 1184 λογισμός.
1378 1135 1418 1144 -

367 1204 433 1286 Quo
458 1203 574 1269 accedit
595 1203 699 1269 locus
724 1203 774 1283 14,
792 1204 822 1281 8,
847 1207 885 1270 ab
902 1205 1079 1271 bominibus
1095 1205 1191 1272 doctis
1213 1203 1290 1270 satis
1311 1205 1451 1282 vexatus3
1476 1203 1513 1268 de
1536 1222 1598 1285 quo
1717 1205 1718 1208 ’

257 1310 330 1392 quid
359 1309 504 1388 iudicem,
535 1309 607 1374 data
634 1310 788 1376 occasione
818 1312 880 1375 iam
906 1311 1068 1396 proferam.
1116 1310 1260 1398 Vaticani
1287 1310 1384 1396 igitur
1411 1309 1600 1393 scripturam
1717 1319 1718 1328 ’

258 1411 320 1484 ὦδε
342 1417 403 1500 μὲν
427 1417 458 1495 ἐς
481 1421 614 1501 βίβλους
630 1414 750 1482 ἕκαστα
773 1427 835 1482 τῶν
859 1418 968 1485 ἐθνῶν
989 1423 1212 1509 ἢσιρανηγῶν
1229 1418 1268 1485 τὰ
1286 1416 1433 1505 ἐμφύλια
1449 1417 1600 1507 διῄρηται
1717 1503 1718 1506 ¹

258 1523 337 1605 quod
369 1523 543 1588 emendavit
572 1521 688 1589 Schw.1
712 1523 756 1608 (p.
784 1524 861 1610 133)
893 1525 938 1590 ita
966 1526 1003 1590 ut
1029 1525 1198 1605 „sententia
1227 1525 1259 1589 et
1288 1523 1365 1590 ratio
1393 1523 1600 1607 grammatica

257 1629 474 1712 flagitabant“‚
499 1650 568 1695 cum
585 1630 708 1712 scripsit
723 1628 845 1697 ἕκαστα
870 1642 933 1698 τῶν
951 1631 1059 1699 ἐθνῶν
1081 1636 1103 1723 ἢ
1120 1633 1152 1710 ἐς
1168 1631 1366 1722 στρατηγούς
1385 1631 1426 1696 col
1443 1629 1600 1719 ἐμφύλια,
1717 1691 1718 1728 ,

257 1737 419 1827 διῄρηται,
449 1736 513 1800 M.²
536 1737 640 1802 contra
669 1756 738 1802 eam
768 1739 1011 1805 emendationem
1041 1738 1089 1804 bis
1113 1739 1212 1804 verbis
1235 1737 1418 1821 disputavit:
1447 1737 1498 1817 „at
1527 1756 1599 1802 vero
1717 1731 1718 1802 i

257 1861 312 1907 nec
335 1846 356 1932 ἢ
381 1842 429 1908 hic
452 1844 552 1908 locum
575 1842 728 1908 babet-
750 1849 806 1911 καὶ
828 1845 910 1910 enim
934 1845 1101 1912 necessario
1124 1847 1307 1928 r·equiritur“
1337 1842 1430 1927 (quod
1453 1843 1599 1909 vertendo
1717 1871 1718 1896 r

261 1949 445 2033 significavit
468 1948 580 2036 Schw.)
606 1987 643 1996 -
674 1969 746 2030 „nec
771 1951 920 2016 articulus
943 1953 1049 2017 abesse
1076 1953 1179 2034 potest
1206 1951 1285 2016 sicut
1306 1952 1388 2016 recte
1410 1950 1502 2033 paulo
1525 1951 1600 2014 aute

215 2137 217 2142 Ι
259 2056 404 2139 cap.14“
431 2056 503 2139 (quo
526 2057 592 2139 ipso
616 2056 679 2122 loco
695 2055 793 2125 Scbw.
810 2057 894 2123 nisus
918 2058 965 2123 est
988 2059 1027 2124 ad
1043 2058 1317 2124 commendandam
1340 2057 1598 2141 praepositionem

260 2161 339 2248 ἐςλ),
367 2163 535 2246 „scriptum
558 2164 617 2254 osi:
645 2164 699 2247 (ιά
725 2162 884 2251 ἐμφύλια)
913 2164 945 2242 ἐς
969 2165 1045 2242 τούς
1068 2165 1265 2255 στρατηγούς
1289 2174 1352 2230 πᾶν
1380 2163 1524 2230 στάσεων
1547 2166 1596 2227 δι-

258 2270 402 2359 ῄρηται.“
449 2269 566 2352 Quibus
583 2271 748 2354 disputatis
764 2271 827 2337 M.2
843 2272 908 2354 ipsc
923 2273 1081 2356 proposuit
1096 2272 1304 2356 recipiendum
1320 2291 1385 2337 esse
1400 2274 1456 2337 καὶ
1471 2269 1505 2347 ἐς
1520 2270 1599 2346 τούς

259 2377 455 2466 στρατηγούς
480 2377 519 2443 τὰ
545 2377 703 2465 ἐμφύλια.

365 2481 465 2562 Quam
494 2485 700 2550 coniecturam
729 2504 767 2550 nc
800 2485 901 2566 ipsam
930 2485 1054 2567 quidem
1084 2502 1141 2568 ego
1172 2483 1377 2568 probaverim3
1408 2482 1484 2566 puto
1516 2481 1600 2548 enim

259 2591 340 2656 hunc
362 2592 463 2655 locum
493 2592 615 2657 omnino
637 2612 697 2657 non
720 2591 773 2657 illo
796 2592 921 2670 mendo,
952 2592 1034 2673 quod
1064 2591 1264 2675 investigasse
1287 2589 1347 2657 sibi
1370 2590 1426 2655 visi
1450 2588 1522 2654 sunt
1544 2587 1601 2652 ho-

259 2697 356 2762 mines
380 2696 461 2780 docti
484 2699 629 2777 laborare,
654 2699 707 2763 sed
730 2699 850 2763 servata
858 2698 1002 2764 Vaticani
1025 2698 1175 2781 scriptura
1198 2697 1332 2762 eicienda
1355 2715 1420 2761 esse
1443 2695 1535 2760 verba
1556 2694 1599 2760 cd

259 2803 415 2892 ἐμφύλια.

365 2909 411 2974 Ac
432 2910 569 2993 primum
592 2911 715 2992 quidem
738 2911 805 2976 ideo
828 2909 906 2975 mibi
929 2930 988 2976 non
1010 2910 1111 2994 placet
1135 2910 1287 2995 scriptura
1310 2930 1328 2975 a
1350 2910 1414 2976 Μ.2
1434 2906 1601 2992 proposita,

259 3016 339 3097 quod
354 3017 403 3095 A..
427 3018 600 3099 ubicunque
624 3013 686 3084 cide
707 3017 858 3101 particula
882 3017 1176 3100 antecedential)
1199 3016 1436 3100 comprehendit,
1461 3035 1601 3098 compre·
1717 3063 1718 3068 .

260 3123 367 3188 hendit
389 3125 442 3201 ita,
468 3127 504 3189 ut
526 3124 604 3189 nihil
627 3125 691 3189 iam
714 3125 817 3203 addat,
842 3143 902 3207 quo
917 3124 1094 3207 explicando
1116 3123 1171 3188 aut
1185 3124 1322 3189 iterando
1345 3124 1483 3188 recurrat
1498 3121 1536 3186 ad
1552 3141 1600 3202 ea,
1717 3181 1718 3212 ,

259 3249 337 3311 quae
360 3249 452 3314 supra
467 3231 619 3316 leguntur,
644 3233 699 3296 aut
714 3231 834 3297 minuat
850 3232 913 3295 uim
928 3231 1096 3315 particulae
1112 3222 1216 3317 ιλιαδ)
1249 3231 1346 3298 Locus
1363 3232 1466 3295 autem
1485 3231 1536 3306 13,
1555 3230 1601 3292 24
1717 3251 1718 3262 ’

260 3337 337 3403 mibi
359 3337 479 3402 videtur
501 3358 560 3404 nou
583 3338 672 3404 modo
696 3339 735 3404 ad
758 3338 963 3404 adiuvandam
987 3337 1084 3404 Scbw.
1110 3339 1165 3404 aut
1187 3339 1231 3404 M.
1255 3338 1461 3404 coniecturam
1488 3355 1541 3418 per
1566 3357 1600 3402 se

261 3445 339 3508 nibil
361 3445 473 3526 valere,
499 3445 550 3509 sed
573 3444 676 3529 potius
699 3445 852 3509 induxisse
874 3445 1019 3511 lectorem
1042 3445 1194 3527 quendam
1217 3445 1272 3511 aut
1293 3443 1470 3518 librarium,
1499 3443 1534 3505 ut
1558 3444 1601 3508 ad
1717 3449 1718 3480 ¹

262 3551 440 3632 explicanda
461 3553 553 3618 verba
575 3556 597 3640 ἢ
620 3553 674 3636 (sc.
692 3550 813 3618 ἕκασια
829 3553 906 3635 τῶν)
928 3563 1112 3641 σιραιηγῶν
1134 3553 1229 3618 otiose
1251 3551 1314 3617 sive
1330 3551 1362 3616 in
1378 3551 1514 3634 margine
1534 3549 1601 3615 sive

260 3659 292 3722 in
316 3659 381 3740 ipso
405 3662 548 3724 contextu
563 3660 748 3725 adscriberet
764 3661 803 3725 ιὰ
821 3659 975 3747 ἐμφύλια,
999 3679 1069 3724 cum
1085 3660 1144 3726 loci
1160 3659 1359 3737 sententiam,
1383 3659 1419 3723 ut
1435 3657 1601 3723 vernacula

261 3765 367 3848 lingua
390 3767 474 3841 utar,
499 3768 580 3831 recte
603 3767 681 3831 hunc
705 3765 738 3831 in
761 3765 886 3830 modum
909 3765 1109 3833 intellexisset
1135 3766 1195 3845 „So
1220 3765 1288 3850 (auf
1308 3765 1357 3830 die
1380 3765 1464 3843 eben,
1487 3784 1517 3846 p.
1544 3763 1599 3842 12,

263 3873 304 3935 13
325 3910 362 3918 -
383 3873 437 3949 14,
456 3874 474 3937 7
500 3873 709 3938 bescbriebene
726 3872 840 3952 Weise)
866 3873 906 3938 ist
929 3873 993 3938 also
1017 3873 1066 3939 die
1090 3893 1185 3956 ganzo
1202 3871 1381 3939 Geschichte
1405 3872 1458 3937 dor
1474 3872 1600 3951 Vblken
1717 3859 1718 3870 ¹

262 3979 601 4062 beziehungsrveise
624 3979 790 4044 Feldberrn
814 3980 998 4064 eingeteilt.“

370 4087 495 4168 Quaen
518 4087 653 4152 versione
675 4089 809 4170 apparet,
834 4087 865 4150 ni
888 4087 985 4164 fallor,
1010 4087 1115 4153 eiectis
1138 4086 1237 4153 verbis
1258 4089 1298 4154 τὰ
1314 4087 1460 4173 ἐμφύλια
1483 4084 1601 4168 requiri
1717 4091 1718 4104 ¹

204 4171 206 4184 ’
262 4213 358 4275 neque
381 4199 435 4259 καὶ
466 4214 562 4275 neque
594 4205 656 4260 τῶν
685 4196 757 4259 ante
780 4205 973 4285 στρατηγῶν.
1021 4193 1081 4260 Sed
1111 4188 1150 4259 ex'
1168 4195 1309 4260 omnibus
1332 4193 1365 4258 id
1392 4191 1524 4258 maxime
1548 4211 1602 4258 me

372 4373 394 4433 1)
413 4374 445 4424 cl.
465 4370 497 4423 de
514 4369 602 4438 signif.
621 4370 691 4424 verb.

369 4460 393 4530 2)
412 4458 444 4513 cf.
463 4459 495 4513 de
514 4475 586 4528 pron.
606 4461 633 4514 ct
650 4459 683 4512 K.
702 4458 740 4513 11.
760 4473 786 4526 p.
806 4458 858 4511 556
877 4475 931 4527 sqq.

369 4548 393 4618 3)
412 4548 444 4603 cf.
463 4548 530 4602 locos
551 4549 609 4612 172,
630 4548 671 4603 10.
696 4547 757 4614 378,
769 4547 795 4602 4.
818 4546 936 4610 402,10.
959 4546 1021 4612 412,
1034 4546 1076 4603 22.
1099 4547 1217 4612 416,13,
1236 4545 1472 4624 447,1.452,14.
1496 4545 1558 4609 455,
1573 4547 1599 4600 8.

264 4639 324 4704 485,
339 4637 381 4692 25.
402 4639 510 4705 51514
528 4641 578 4694 cet.
