3440 5238
831 413 1050 477 ..16-

380 615 454 694 857,
472 613 514 678 12
538 612 612 680 ἐπεὶ
633 614 688 678 καῖ
712 620 775 678 τῶν
797 610 933 677 ι’διωτῶν
954 612 1089 688 πολλοῖς
1112 610 1361 701 ἀμφισβητοῦσί
1380 634 1432 677 σοι
1454 609 1534 676 καθ’
1551 603 1609 675 ἕνα

276 734 327 814 τῆς
352 723 464 800 ου’σίας
487 721 547 787 oria
571 718 724 807 ἀδήριτον
747 718 852 809 αὐτὴν
875 717 958 803 ἔχων
980 717 1091 803 γνώσῃ,
1117 716 1162 783 St.
1186 717 1263 784 MfO.

383 830 518 906 897,18
544 827 769 894 κινδυνεύουσι
792 837 859 904 τοῖς
881 837 1003 902 κοινοῖς
1025 824 1167 909 (fumasse
1189 824 1283 890 etiam
1308 825 1403 904 1088,
1421 825 1464 909 4).

379 934 476 1015 Quem
492 933 630 999 dativum
646 933 787 1018 Appiano
803 933 969 998 attribuere
985 952 1044 998 non
1061 932 1178 1010 dubito,
1202 932 1366 1016 respiciens
1380 951 1472 998 nsum
1489 932 1609 1017 Thucy·

274 1044 397 1110 dideum
422 1040 650 1126 (11811848,
670 1042 743 1118 5,1.
768 1040 808 1108 Κ.
826 1040 866 1104 11.
885 1041 979 1123 668);
1004 1059 1063 1123 quo
1086 1040 1203 1106 accedit
1224 1039 1351 1105 fortasse
1373 1039 1506 1116 imitatio
1522 1038 1611 1104 abla-

272 1152 329 1217 tivi
352 1149 484 1217 absoluti
506 1148 686 1214 Latinomm
711 1147 762 1233 (cf.
787 1147 825 1212 ad
851 1147 984 1227 1115,8
1009 1147 1046 1212 δε
1068 1147 1240 1213 accusativo
1264 1148 1294 1212 et
1317 1144 1403 1214 Stich
1427 1165 1455 1229 p.
1475 1147 1563 1231 146).
1691 1170 1695 1189 =

380 1259 448 1323 Pro
472 1255 642 1340 genetivo
673 1254 801 1338 denique
832 1252 954 1320 dativus
983 1255 1067 1320 extat
1091 1255 1165 1332 795,
1183 1256 1225 1321 20
1255 1253 1326 1337 (καί
1348 1253 1408 1342 γὰρ
1437 1253 1528 1342 αύτῷ
1556 1257 1613 1318 καὶ

273 1378 352 1443 παῖς
377 1364 538 1448 ἐνομίζετο
561 1357 647 1428 εἶναι
662 1361 756 1445 Nfo.).
797 1361 871 1440 831,
890 1362 940 1425 17.
967 1361 1102 1441 714,16
1125 1362 1177 1446 (cs.
1204 1360 1350 1443 706,17)
1374 1360 1520 1439 911,19,
1542 1359 1612 1441 qui·

273 1473 330 1539 bus
352 1472 384 1538 in
407 1471 481 1537 locis
503 1467 577 1534 Mio.

684 1679 751 1800 31)
783 1682 855 1779 De
886 1682 1201 1780 nominativo.

379 1878 610 1946 Nominativum
633 1875 780 1943 tractanti
803 1874 879 1940 mihi
903 1896 962 1943 uon
985 1877 1032 1942 est
1054 1875 1135 1959 quod
1155 1874 1307 1958 proferam
1329 1874 1389 1939 nisi
1412 1876 1512 1940 extare
1536 1895 1611 1941 non·
1703 1933 1708 1950 ,

273 1988 367 2053 nullis
389 1985 523 2070 Appiani
544 1983 617 2050 locis
641 1981 864 2048 nominativum
888 1983 1112 2049 absolutum:

380 2095 432 2171 29,
451 2093 492 2157 12
518 2090 551 2170 ἐς
565 2127 608 2138 -
624 2099 730 2175 χῶρον
753 2089 888 2166 τούτους
912 2091 1155 2175 συγκλείσαντες
1171 2089 1203 2155 οῖ
1217 2096 1378 2155 Σαυνῖται
1394 2124 1437 2135 -
1453 2091 1508 2154 καὶ
1528 2090 1613 2176 λιμῶ

273 2205 470 2284 πιεζομένων
488 2201 662 2283 Ῥωμαίων,
686 2198 719 2263 οἱ
741 2197 915 2286 στρατηγοί
937 2235 977 2244 -
1003 2196 1216 2282 παρεκάλουν
1239 2195 1296 2262 τδν
1318 2193 1470 2262 Πόντιον.

382 2307 514 2383 1028,6
546 2303 729 2370 ἐθελόντων
758 2340 801 2349 -
830 2301 1064 2391 προεκτρύχειν
1091 2303 1168 2380 τούς
1198 2303 1392 2385 πολεμίους,
1423 2300 1519 2369 αδτοῖ
1548 2301 1614 2384 μὲν

274 2415 400 2499 ἔχοντες
421 2413 534 2480 Ἀσίαν.

381 2521 477 2598 1028,
496 2520 515 2583 8
540 2529 606 2595 τοῖς
624 2518 659 2583 δὲ
676 2519 843 2600 πολεμίοις
859 2515 956 2582 οὐδὲν
972 2518 1011 2582 δν
1030 2517 1167 2603 δαψιλές
1190 2515 1267 2599 (ubi,
1291 2535 1329 2581 ne
1353 2515 1611 2581 accusativum

274 2627 448 2694 absolutum
471 2626 617 2701 statuam,
642 2623 773 2706 impedit
796 2642 845 2687 me
869 2621 1074 2688 nominativus
1098 2622 1256 2688 absolutus
1280 2641 1307 2688 v.
1333 2624 1377 2706 6).

380 2733 493 2806 478,9
523 2733 558 2798 τὸ
587 2733 648 2816 μὲν
679 2730 771 2816 ἔργον
793 2725 833 2821 ἦν
857 2739 898 2819 τῷ
921 2730 1034 2823 Σύλλᾳ
1059 2733 1200 2820 διηνεκές
1229 2729 1426 2813 ἐμπίπτοντι
1452 2767 1502 2808 -‚
1527 2731 1613 2817 ὁρμῇ

274 2845 300 2908 δ’
325 2841 487 2927 ἀπαύστῳ
513 2877 552 2884 -
577 2837 748 2924 χρώμενος,
772 2845 831 2903 καί
849 2844 1012 2924 περιθέων
1038 2873 1075 2882 -
1101 2838 1156 2902 καῖ
1178 2838 1387 2923 παρακαλῶν,
1412 2834 1541 2902 Sthwfo.

381 2947 455 3023 831,
472 2946 513 3009 23
537 2944 616 3021 νεώς
640 2943 744 3009 αὐτοῦ
769 2951 944 3030 Καίσαρος,
968 2948 1071 3009 θείων
1095 2952 1194 3026 τιμῶν
1216 2943 1421 3029 ἀξιούμενος,
1445 2942 1518 3008 Mfc.
1543 2942 1612 3021 ἀξι·

275 3063 425 3139 ουμένου,

381 3158 495 3237 576,7
523 3161 579 3226 καὶ
602 3161 646 3242 cdv
669 3157 724 3224 ἀεῖ
744 3157 838 3243 παρά
858 3158 1022 3241 Ῥωμαίοις
1046 3157 1063 3223 ὃ
1086 3158 1220 3223 κωλύων
1243 3157 1463 3242 δυνατώτερος
1490 3155 1614 3242 (Zippel

273 3267 294 3334 f.
319 3287 342 3332 c.
366 3271 421 3333 καὶ
444 3261 532 3350 οὖν),
564 3282 655 3346 quem
685 3263 724 3328 ad
753 3264 854 3329 locum
878 3264 921 3330 M.
945 3284 970 3330 r.
1001 3264 1174 3346 improbata
1204 3263 1372 3329 mutatione
1395 3263 1614 3328 Duebneriana

273 3373 447 3449 adnotavit,
480 3370 706 3436 nominativum
735 3369 912 3435 absolutum
941 3369 1075 3451 positum
1106 3387 1170 3434 esse
1193 3370 1330 3453 exemplo
1352 3370 1525 3436 Herodoteo
1556 3371 1611 3452 (cf.

275 3479 361 3546 Stein
385 3478 581 3556 111.vo,13.
606 3475 815 3558 151118),
839 3475 918 3557 quod
942 3495 1012 3544 cum
1036 3475 1252 3553 intellexisset,
1277 3479 1357 3542 recte
1379 3477 1495 3542 tradita
1518 3478 1615 3544 verba

273 3587 402 3652 retinuit
433 3586 513 3664 721,
531 3584 560 3650 7.
593 3583 708 3661 776,9
739 3584 857 3668 (contra
886 3581 951 3648 Mu.
983 3583 1014 3646 et
1045 3582 1159 3661 Schu..
1189 3582 1299 3648 collato
1329 3582 1395 3651 ioco
1426 3584 1614 3668 Herodoteo)

274 3694 349 3770 903,
367 3695 418 3756 24.
438 3693 512 3771 798,
533 3693 582 3768 17,
606 3689 735 3755 retinere
750 3690 827 3755 falso
844 3688 997 3754 dubitavit
1014 3689 1087 3766 142,
1106 3691 1147 3754 20
1163 3688 1252 3774 (ἐμοὶ
1266 3726 1310 3737 -
1326 3690 1433 3757 εἰπεῖν
1453 3689 1614 3780 ἐπῆλθεν,

274 3799 306 3876 ἐς
323 3799 381 3888 τὴν
397 3798 568 3888 ἀλιγύτητα
583 3834 626 3843 -
642 3796 780 3885 ἀφορῶν
796 3821 831 3862 τε
847 3800 902 3863 καῖ
916 3799 985 3877 cet,
1009 3794 1100 3861 Stsm.
1118 3798 1149 3861 in
1167 3797 1356 3884 ἀφορῶντι),
1380 3816 1451 3863 cum
1470 3799 1566 3876 1088,
1579 3800 1612 3866 4.

274 3905 341 3988 (ubi
365 3903 462 3970 Schvv.
492 3904 562 3969 ante
591 3903 834 3988 ἀσθενεστέραν
863 3905 945 3968 1εο1ε
969 3903 1220 3984 interpunctionis
1248 3903 1370 3987 signum
1399 3923 1466 3969 non
1494 3904 1615 3988 posuit)

274 4010 496 4078 nominativum
520 4009 697 4076 absolutum
720 4009 893 4076 coniciendo
917 4010 1011 4074 etiam
1037 4010 1175 4093 Appiano
1199 4011 1383 4076 attribuerit.
1423 4010 1492 4075 Non
1508 4012 1615 4094 magis

273 4120 354 4183 recte
378 4117 561 4200 scripturam
584 4116 732 4181 traditam
755 4116 928 4200 repudiavit
943 4116 1019 4191 973,
1037 4116 1077 4180 15
1101 4117 1306 4201 (Οὐεντίδιον
1329 4117 1365 4184 δὲ
1380 4118 1615 4207 ἀπελεύθερος

274 4226 379 4303 εὐθύς
400 4225 462 4309 μὲν
484 4233 717 4313 προγραφέντα
740 4229 916 4315 κατέδησεν
937 4225 981 4303 ώς
997 4224 1202 4314 παραδώσων
1217 4236 1285 4303 τοῖς
1301 4236 1470 4314 σφαγεῦσι,
1494 4226 1616 4304 νυκτὸς

274 4331 310 4398 δὲ
334 4331 409 4410 τοῖς
432 4332 643 4416 θεράποντας
667 4331 776 4399 ἔπεισε
799 4335 854 4398 καῖ
870 4331 1047 4398 ἐσκεύασεν
1070 4331 1102 4409 ἐς
1126 4333 1270 4410 ὁπλίτας,
1295 4334 1351 4398 καὶ
1375 4333 1432 4400 τδν
1448 4332 1618 4421 δεσπότην

274 4437 314 4516 ῶς
337 4439 476 4524 λοχαγὸν
492 4437 639 4526 ἐξήγαγε·
658 4437 716 4528 τήν
730 4463 766 4505 τε
782 4439 884 4529 ἀλλην
895 4438 1033 4505 Ἰταλίαν
1054 4447 1149 4526 μέχρι
1172 4443 1320 4516 Σικελίας
1343 4439 1531 4518 διώδευσαν,
1555 4445 1618 4508 καὶ
1705 4487 1706 4527 3

273 4546 515 4631 συγκατέλυσαν
537 4544 693 4622 πολλάκις
716 4547 836 4632 ἑτέροις
860 4547 1021 4630 λοχαγοῖς,
1044 4548 1225 4633 ζητοῦντες
1250 4544 1451 4623 Οὐεντίδιον,
1480 4545 1617 4614 Schwfo.
1707 4605 1708 4608 ,

273 4654 429 4742 ζητοῦσιν,
452 4649 546 4718 Mufc.
572 4651 613 4729 ῶς
636 4652 829 4742 ζητοῦντες),
853 4653 906 4716 ubi
930 4651 1079 4735 quomodo
1102 4651 1343 4736 intellegendum
1365 4651 1408 4718 sit
1430 4655 1619 4744 ζητοῦντες,
1703 4703 1705 4742 3
