3440 5238
800 414 1020 478 ,48-

242 611 371 694 αρξτνέτ
386 618 477 695 έρων.
494 606 710 685 440,12-16
727 607 765 674 ὃν
780 607 1078 692 ἐπιβουλευόμενον
1094 607 1161 674 tut
1178 607 1341 674 Σελεύκου
1360 618 1418 674 τοῦ
1434 608 1576 697 ἀνεψιοῦ

243 718 276 781 οἱ
295 720 357 800 μὲν
371 715 474 802 Σύροι
496 718 659 798 νομίζουσι
682 721 910 806 περισωθῆναι
933 717 970 781 δι’
987 713 1164 796 εὐσέβειαν,
1189 718 1243 779 καὶ
1267 714 1320 778 διό
1338 724 1435 780 τοῦτο
1458 715 1575 802 εύσεβη

208 875 212 883 .
243 827 486 908 παρωνόμασεν
509 822 637 906 (ἑταίρα
661 824 688 884 δ’
714 822 817 888 αὐτόν
840 821 968 898 ἔσωσεν,
993 820 1177 906 ἐρασθεῖσα
1203 830 1260 885 τοί
1283 821 1438 904 κοίλλους)
1454 822 1527 905 ἐμοὶ
1542 824 1577 889 δέ.

242 935 395 996 δοκοῦσιν
417 928 473 994 ἐπὶ
496 929 607 1013 γέλωτι
630 928 719 1014 αύτῷ
742 928 944 1016 ποιήσασθαι
967 931 1004 994 τδ
1029 930 1134 1011 ὄνομα
1158 929 1190 993 οἱ
1212 930 1327 1012 Σύροι.

349 1054 457 1131 274,9
481 1055 579 1120 ἰ’ταν.
595 1106 620 1117 ..
645 1053 941 1145 α’ναμιμνήσκησθε
964 1064 1023 1120 τοτ’1
1047 1053 1199 1140 πλήθους
1221 1046 1268 1118 τόν
1290 1054 1396 1137 εἴχετε
1420 1064 1501 1119 νεῶν
1523 1058 1578 1120 καὶ

242 1160 401 1248 λαφύρων
423 1162 508 1227 ’ὅσων
530 1164 665 1247 ἐφέρετε
688 1165 796 1240 καλός
821 1162 913 1240 οἴους
937 1187 972 1247 γε
996 1162 1072 1238 τούς
1087 1164 1219 1244 λιμένας
1242 1160 1427 1249 κατήγεσθε
1443 1165 1578 1244 σοβαροὶ

245 1270 300 1332 καὶ
325 1267 364 1332 τό
390 1267 506 1350 νεοίρια
530 1267 647 1334 καὶτὰ
672 1279 736 1333 τών
758 1281 883 1334 σκευῶν
906 1280 1039 1354 ταμιεῖα
1062 1267 1293 1351 ἐνεπίμπλατε,
1317 1267 1386 1333 Rfe.
1410 1267 1496 1331 rivel
1521 1263 1576 1333 οἷα

244 1378 341 1448 iven„
365 1375 470 1456 quales
493 1373 550 1438 1οοί
574 1373 680 1438 extant
707 1373 756 1452 15,
781 1393 797 1438 e
820 1375 931 1456 quibus
956 1376 975 1437 6
998 1375 1092 1439 Maio.

349 1495 447 1562 Locus
458 1497 532 1574 837,
550 1498 592 1563 22
603 1499 729 1574 -838,
748 1499 1313 1566 2ε1111111ε1οου11ε11111οεἐσελθών...
1331 1501 1502 1566 καὶπλὲωυ
1508 1551 1573 1563 .....

244 1604 439 1670 ἐπινοοῦντα
461 1604 499 1694 δὴ
518 1613 635 1670 τοῦτον
657 1609 847 1690 διατειχίσαι
871 1607 928 1673 τόν
950 1607 1100 1690 ποταμὸν
1122 1608 1178 1672 καὶ
1200 1608 1255 1672 ε’πὶ
1281 1614 1375 1670 τοῦτο
1392 1603 1576 1671 ἐκπλέοντά

245 1732 346 1795 φασιν
369 1710 586 1778 ἐπιτωθάσαι.

351 1817 471 1882 Metam
495 1820 597 1883 antem
625 1820 818 1902 parenthesin
846 1820 994 1902 praebent
1019 1819 1227 1899 100122‚15.
1252 1818 1402 1895 ata-20.
1429 1820 1527 1896 1061,
1546 1822 1577 1884 2.

350 1923 430 1988 Tum
453 1925 559 1991 auant
581 1925 655 2001 loci,
683 1926 794 2007 quibus
821 1926 952 1992 mirum
979 1926 1016 1992 in
1039 1925 1183 1992 modurn
1206 1945 1355 1991 casuum
1382 1927 1500 1992 mutet
1522 1947 1580 1992 re-

244 2030 431 2095 lationem:

352 2139 431 2216 643,
450 2139 491 2202 12
515 2141 598 2204 ὅθεν
621 2139 724 2204 αύτδν
751 2139 769 2205 ό
792 2138 922 2218 Σύλλας
953 2137 1000 2204 έτι
1028 2140 1191 2205 νεότατον
1219 2139 1299 2207 ὄντα
1327 2133 1403 2229 ἦγεν
1431 2138 1465 2204 ἐν
1492 2149 1578 2227 τιμῇ,

243 2248 300 2312 καί
315 2245 472 2323 ἐπιόντος,
489 2253 598 2333 φασίν,
622 2246 826 2312 ὑπανίστατο
842 2246 940 2333 μόνφ,
964 2245 1018 2309 ubi
1033 2246 1244 2327 exspectamus
1260 2243 1394 2322 ἐπιόντι,
1418 2246 1449 2309 et
1466 2245 1539 2323 751,
1556 2247 1578 2308 6

243 2352 465 2442 προδιῴκηντο
489 2355 544 2419 καὶ
568 2353 638 2418 όδοί
661 2356 716 2419 καὶ
739 2355 865 2436 λιμένες
887 2355 943 2420 καί
966 2352 1110 2441 φρούρια
1133 2353 1176 2430 ὦς
1200 2351 1235 2418 ἔκ
1259 2378 1294 2419 τε
1313 2362 1369 2442 γῆς
1386 2355 1439 2419 ἀεὶ
1461 2361 1579 2439 φέρεσ-

183 2495 187 2504 .
246 2465 306 2524 θαι
328 2463 384 2526 καί
406 2459 458 2526 διό
483 2459 655 2549 θαλάσσης
679 2460 789 2524 πάντα
813 2461 936 2543 ἄνεμον
959 2459 1049 2547 αύτῷ
1073 2468 1194 2547 φέρειν,
1217 2459 1271 2523 ubi
1294 2459 1376 2524 idem
1396 2458 1578 2524 vocabulum

244 2565 355 2632 πάντα
381 2584 434 2648 pro
463 2565 598 2631 subiecto
624 2565 759 2648 pertinet
787 2564 825 2631 ad
850 2572 1030 2654 φέρεσθαι,
1059 2566 1097 2631 ad
1121 2575 1234 2654 papea
1256 2585 1309 2649 pro
1332 2566 1458 2631 obiecto.
1505 2563 1578 2629 Nfd.

245 2674 365 2756 ἄνεμον
388 2672 418 2736 et
442 2681 562 2760 φέρειν.

350 2778 422 2844 Jam
447 2779 705 2862 attractionel)
728 2777 883 2860 quadam
911 2777 1048 2843 nititur
1075 2778 1313 2844 anacoluthia
1337 2779 1410 2856 111,
1438 2779 1475 2842 11
1502 2777 1581 2854 τούς

243 2883 305 2967 μὲν
327 2885 447 2963 ἄλλους
472 2884 642 2952 ἐκέλευσεν
653 2938 660 2950 .
673 2940 678 2952 ,
690 2938 696 2950 .
710 2937 715 2949 .
740 2889 967 2972 διαιρεθέντος
979 2934 1005 2950 ..
1031 2885 1181 2974 φεύγειν.
1195 2938 1221 2952 ..
1240 2887 1273 2966 ἐς
1289 2886 1452 2974 Τριβόλαν
1466 2887 1579 2960 πολιν,

149 3025 151 3029 v
245 2990 330 3056 ἔνθα
354 2992 456 3058 αὐτὸν
478 3001 671 3079 περιμένειν,
696 2993 816 3076 χιλίους
840 2992 876 3058 δέ
899 2991 1020 3077 μόνους
1044 2993 1272 3077 ἐπιλεξάμενος
1294 2994 1465 3060 ἐκέλευσεν
1487 2991 1581 3078 αύτῷ

244 3104 472 3175 συνίστασθαο
495 3099 548 3164 ubi
572 3119 608 3164 ne
632 3098 792 3164 conieceris
816 3101 884 3165 καὶ
906 3104 1055 3166 ἐνταῦθα
1079 3100 1134 3164 aut
1157 3100 1256 3165 simile
1280 3099 1463 3182 quidquam
1491 3098 1580 3164 ἔνθα

245 3204 348 3272 αὐτὸν
375 3216 560 3292 περιμένειν
585 3206 666 3272 enim
696 3206 877 3272 attractione
904 3206 1039 3288 quadam
1067 3205 1230 3289 dependet,
1258 3206 1321 3272 iam
1348 3225 1407 3271 non
1434 3225 1454 3272 a
1479 3204 1581 3288 priore

245 3314 411 3388 ἐκέλευσε,
442 3312 495 3377 sed
524 3314 563 3378 ab
593 3313 780 3395 insequente.
805 3350 847 3358 —
872 3313 953 3377 Item
976 3314 1109 3392 901,12
1141 3314 1227 3379 ἄλλα
1251 3313 1287 3379 δὲ
1306 3313 1473 3380 Ἀντωνίου
1501 3313 1581 3402 τέλη

245 3419 421 3496 καλοῦντος
448 3422 482 3484 ἐκ
511 3428 574 3485 τῶν
601 3420 708 3485 ἄλλων
735 3423 964 3506 στρατοπέδων
991 3411 1035 3486 οἷν
1061 3424 1205 3506 βραδέως
1232 3420 1275 3497 οἷς
1303 3424 1337 3486 ἐν
1362 3419 1515 3507 αἰφνιδίῳ
1542 3443 1582 3484 τε

245 3524 440 3614 μετακλήσει
462 3528 517 3592 καὶ
539 3527 711 3611 μακρόθεν
733 3524 847 3593 ἰόντων
869 3525 1026 3612 ἐκρότουν
1050 3527 1083 3592 οἱ
1097 3525 1155 3592 τοῦ
1172 3533 1334 3613 Καίσαρος
1351 3536 1389 3612 τῇ
1403 3526 1500 3613 μάχῃ.
1524 3527 1582 3591 ubi

246 3623 290 3696 ὧν
312 3632 381 3712 post
404 3636 633 3717 στρατοπέδων
659 3631 720 3696 noli
748 3630 847 3697 delere
876 3633 931 3696 aut
958 3633 1079 3697 mutare
1106 3632 1138 3696 in
1160 3632 1372 3699 καὶτούτων.
1398 3673 1436 3681 -
1462 3632 1582 3698 Eodem

246 3738 377 3818 pertinet
400 3739 475 3818 983,
492 3739 532 3802 21
558 3742 613 3805 καί
636 3740 761 3805 διόδεκα
777 3741 852 3828 τέλη
869 3748 1011 3825 στρατοῦ
1028 3748 1057 3806 Γ
1051 3743 1115 3827 α’ίηι
1132 3747 1271 3825 Καίσαρι
1286 3739 1321 3805 έκ
1336 3741 1462 3807 πολλοῦ
1482 3763 1583 3825 στρα-

247 3845 408 3929 τευόμενα
431 3848 486 3912 καί
508 3855 752 3931 γεγυμνασμένα
767 3849 971 3932 προσέλαβεν
993 3847 1137 3934 ἀθρόως·
1162 3840 1202 3912 οδ
1226 3849 1261 3914 τό
1285 3849 1346 3933 μέν
1369 3847 1406 3914 ἐν
1429 3846 1538 3914 atzar
1562 3849 1582 3912 ό

246 3963 374 4038 Καῖσαρ
398 3957 432 4019 ἐν
454 3959 558 4045 Συρίᾳ
583 3954 818 4028 κατελελοίπει,
842 3951 895 4015 ubi
910 3951 965 4016 Mf.
990 3952 1100 4034 probat
1116 3951 1214 4018 Sehw.
1232 3955 1439 4020 coniecturam
1456 3947 1497 4020 οδ
1512 3973 1581 4018 mu-

246 4060 343 4125 tantis
369 4060 401 4125 in
429 4067 497 4135 καί;
525 4059 634 4140 quibus
662 4059 761 4124 tribus
789 4059 862 4124 locis
889 4059 1052 4124 relativum
1080 4059 1228 4126 hebemus
1255 4081 1308 4143 pro
1331 4060 1583 4140 demonstrativo,

247 4185 324 4248 quae
347 4167 502 4232 structura
525 4165 625 4232 neseio
649 4185 688 4230 an
711 4165 753 4230 sit
775 4165 956 4249 deprompta
978 4186 994 4231 e
1018 4184 1154 4232 sermone
1178 4165 1296 4234 Latine.
1309 4169 1336 4253 2)

353 4273 589 4340 Anaeolnthiam
612 4291 681 4339 vern
704 4272 796 4339 satis
820 4273 945 4339 duram
968 4271 1091 4338 exhibet
1105 4274 1189 4340 locus
1207 4273 1281 4353 319,
1302 4275 1428 4340 13-21
1453 4277 1585 4362 λέγεται

247 4380 308 4466 μέν
330 4385 564 4468 δακρῦσαι...
588 4379 674 4467 ύπέρ
697 4381 899 4466 πολεμίων..
915 4432 939 4445 ..
965 4384 1020 4448 καὶ
1043 4382 1181 4447 συνιδών
1208 4383 1257 4448 ὅτι
1284 4384 1340 4448 καί
1367 4383 1480 4461 πόλεις
1491 4430 1582 4447 .....

355 4591 377 4661 1)
395 4589 429 4645 ei.
448 4589 482 4646 K.
503 4591 520 4660 ἦ
539 4588 600 4653 602,
620 4589 644 4644 7.

354 4678 429 4743 2)ο1.
449 4678 483 4733 de
500 4695 551 4732 aec.
572 4677 653 4732 absol.
