3440 5238
817 362 1036 426 ..40-

368 556 409 619 In
433 554 627 620 infinitivo
650 571 769 636 quoque
792 554 914 637 saepius
937 555 1092 621 invenitur
1114 555 1257 621 attractio
1266 555 1288 638 ¹)
1316 554 1362 619 ite
1383 555 1420 619 nt
1442 557 1592 640 participii

261 661 420 727 cuiusdam
444 681 514 726 enm
536 681 571 727 ee
594 660 797 744 coniungatur
821 662 875 725 aut
897 662 1073 746 genetivus,
1096 661 1191 727 veluti
1223 663 1297 739 918,
1325 665 1343 727 7
1369 667 1534 740 (Λεπίδου1
1559 665 1592 726 δὲ
1682 665 1689 680 “

266 769 323 855 τήν
345 767 407 852 μὲν
428 767 552 856 βουλὴν
576 769 749 845 δεδιότος.
777 817 784 832 .
811 819 832 843 .,
863 770 1129 854 όπισχνουμένον
1154 773 1180 834 δ’
1208 771 1294 853 όμως
1326 768 1365 835 οό
1395 771 1594 861 πολεμήσειν

263 873 420 950 ἑκόντος,
444 872 519 940 Mrs,
544 872 675 952 ἑκόντος
699 873 805 938 contra
820 872 965 958 Musgr.)‚
989 876 1044 941 aui
1067 875 1188 941 dativus
1211 876 1278 960 (52,
1303 875 1346 940 25
1372 871 1421 954 οἷς
1446 875 1593 944 ἐδίδοσαν

262 983 322 1064 μέν
345 976 432 1046 εἶναι
454 981 571 1066 φίλοις.
598 980 671 1059 620,
690 981 742 1045 20.
768 980 844 1059 270,
862 982 904 1047 26
928 981 1022 1068 aliis).

214 1097 217 1102 ·
368 1085 519 1150 Numeri
536 1086 714 1152 attractio
725 1105 804 1152 nem
820 1087 963 1156 exhibent
978 1090 1035 1156 loei
1053 1091 1128 1171 904,
1147 1092 1166 1156 6
1183 1089 1379 1174 (συνειδότες
1395 1114 1430 1158 τε
1446 1088 1593 1179 ἀλλήλους
1674 1155 1682 1180 r
1703 1139 1704 1156 i

264 1194 300 1259 τὸ
324 1191 495 1281 κράτιστον
527 1193 569 1270 ὥς
598 1194 650 1284 εἴη
680 1203 734 1284 της
766 1195 923 1282 ἑκατέρου
948 1207 1117 1285 στρατιᾶς,
1147 1195 1274 1262 Sehwfc.
1299 1192 1383 1270 εἶεν.
1414 1194 1482 1261 Nfe.
1515 1192 1593 1270 οὖσι,
1703 1180 1704 1184 ¹

263 1299 353 1383 Mfo.)
376 1300 407 1364 et
431 1299 505 1375 657,
533 1299 550 1362 7
576 1301 630 1376 (τά
654 1323 689 1366 τε
712 1300 905 1385 αἰχμάλωτα
929 1354 988 1369 ...
1014 1305 1153 1382 Σύλλας,
1177 1306 1228 1371 ότι
1250 1312 1412 1373 Σαυνῖται
1435 1305 1471 1368 τό
1496 1304 1595 1369 πλέον

263 1401 319 1494 ήν,
350 1404 609 1496 κατηκόντισεν),
640 1406 786 1489 generis
817 1408 898 1485 892,
923 1410 943 1473 9
974 1414 1029 1478 καλ
1059 1419 1155 1498 γέρας
1184 1422 1252 1488 τοῖς
1274 1411 1436 1500 μηνύουσι
1460 1409 1596 1500 δεκάτην

264 1512 504 1604 ὑπεσχημένων,
528 1511 571 1603 ήν
594 1512 851 1598 διπλασιάσομεν
874 1517 977 1603 ἡμεῖς,
1000 1515 1069 1584 Nee.
1095 1519 1123 1584 ὅ.

639 1706 732 1827 16)
780 1707 853 1804 Be
886 1709 1219 1831 brnehylegis.
1695 1750 1706 2036 η

371 1903 592 1989 Braehylogiae
614 1903 754 1984 exempla
776 1901 859 1984 apud
881 1903 919 1970 Α.
943 1903 1025 1969 hand
1049 1925 1118 1970 rara
1143 1907 1223 1972 sunt.

373 2012 419 2077 Ae
441 2012 577 2096 primum
600 2008 725 2095 quidem
749 2009 824 2075 haee
847 2009 948 2094 figura
970 2029 1029 2076 usn
1053 2011 1136 2078 venit
1157 2012 1194 2076 in
1217 2011 1385 2097 genetivo
1414 2030 1598 2095 eompara—
1705 2039 1706 2046 ν

266 2119 377 2205 tivoss)
400 2117 448 2182 his
472 2118 491 2182 5
515 2115 602 2183 loeis:
627 2118 701 2194 177,
725 2117 744 2180 3
769 2115 905 2194 ἐλπίζων
928 2117 964 2184 δέ
988 2119 1063 2196 τούς
1087 2121 1282 2210 στρατηγοός
1306 2118 1416 2185 αἰτῶν
1439 2119 1508 2186 άπὸ
1536 2127 1596 2185 Κα-

266 2226 351 2317 πόης
382 2227 577 2313 ἀναστήσειν
599 2226 621 2314 ή
644 2221 744 2301 αὖτίς
774 2248 804 2289 τι
827 2222 965 2317 Καπύης
992 2228 1103 2309 μεῖζον
1127 2224 1334 2312 ἐργάσεσθαι.
1367 2226 1448 2303 940,
1477 2229 1514 2289 16
1545 2231 1600 2292 καὶ
1691 2263 1707 2299 ο

265 2331 341 2400 τόδε
364 2335 403 2399 δι’
427 2333 513 2416 ὑμᾶς
536 2328 598 2415 οόχ
621 2321 721 2420 ἧσσον
742 2329 835 2421 ήμῶν
859 2329 913 2413 (=
932 2330 994 2416 οὐχ
1016 2323 1117 2420 ἧσσον
1139 2337 1160 2421 ή
1184 2333 1221 2399 δι’
1247 2334 1357 2421 ἡμᾶς).
1382 2332 1495 2412 4283
1519 2339 1601 2421 τῷδε

266 2440 327 2527 γάρ
351 2441 531 2524 οδρέσκομαι
553 2438 680 2520 μᾶλλον
702 2445 761 2503 τοῦ
785 2435 954 2525 Νικάνορα
976 2449 1109 2504 κτεῖναι.
1143 2439 1195 2510 30.
1221 2440 1262 2503 18
1292 2443 1403 2524 μεῖζον
1427 2441 1453 2505 δ’
1478 2439 1538 2505 οόκ
1562 2444 1604 2504 δν

266 2548 372 2634 εὕροις
400 2543 524 2628 βλάβος
553 2552 636 2610 νέων
665 2542 750 2628 όμσῦ
779 2552 879 2610 πέντε
908 2543 1091 2632 μυριάδων,
1122 2543 1190 2611 Nfe.
1221 2545 1418 2628 ἰλλομένων.
1451 2546 1533 2624 278,
1559 2549 1601 2610 16

266 2656 322 2719 καὶ
344 2651 539 2739 σμικρότερα
561 2651 622 2735 μέν
644 2651 722 2728 ἴσως
742 2650 783 2717 τὰ
799 2655 905 2742 κέρδη,
927 2651 1124 2736 βεβαιότερα
1148 2653 1184 2718 δέ
1207 2656 1262 2718 καὶ
1286 2653 1519 2741 ἀκινδυνότερα
1544 2681 1604 2717 κα-

264 2758 385 2837 θάπαξ
415 2757 456 2824 τά
488 2767 542 2846 τῆς
572 2765 725 2846 γεωργίας
755 2766 820 2824 τῶν
849 2757 1017 2845 ἐμπόρων,
1048 2757 1175 2826 Schwfe.
1207 2768 1271 2826 suiv
1295 2758 1495 2847 ἐμπορικῶν,
1526 2760 1603 2823 Mfe.

266 2876 330 2934 τῶν
360 2874 423 2933 τῶν
453 2863 619 2951 ἐμπόρων;
647 2863 755 2929 deinde
787 2863 907 2946 saepius
938 2865 1024 2932 ἀντὶ
1053 2883 1133 2931 enm
1157 2866 1327 2950 genetivo
1350 2867 1449 2943 extat,
1473 2867 1528 2932 ub1
1552 2886 1605 2931 ex-

250 2975 444 3058 spectemus
459 2973 560 3037 tetum
576 2970 780 3051 enuntiatum,
803 2992 862 3056 que
879 2971 1087 3058 distinguatur
1102 2992 1156 3056 per
1172 2976 1231 3040 oin
1247 3011 1290 3020 -
1307 2974 1391 3041 ἀλλὰ
1402 2973 1442 3058 3);
1467 2974 1541 3051 239,
1563 2977 1606 3039 19

174 3159 180 3184 1
269 3084 324 3148 καὶ
347 3080 561 3171 ἠγανάκτουν,
592 3077 624 3145 εἰ
646 3077 681 3145 ἐν
708 3080 791 3167 λιμῷ
821 3078 878 3147 τόν
901 3091 992 3148 σῖτον
1015 3081 1047 3146 οἱ
1069 3081 1222 3167 ἄρχοντες
1246 3081 1413 3169 αἱροῦνται
1432 3082 1608 3164 Ῥωμαίοις

267 3188 341 3256 α’ντὶ
364 3196 428 3254 τῶν
449 3187 593 3253 πολιτῶν
617 3183 649 3264 ἐς
674 3184 731 3264 τὰς
754 3186 875 3272 άνοχὰς
898 3197 1092 3273 παρασχεῖν.
1118 3187 1192 3267 873,
1208 3188 1250 3251 23
1273 3191 1305 3264 ἐς
1328 3186 1412 3275 ἡμᾶς
1436 3187 1502 3254 ἄντ’
1518 3187 1611 3255 ἐκεί-

267 3305 331 3364 νων
354 3295 394 3361 τὰ
418 3295 507 3361 ὅπλα
530 3303 748 3378 μετενεγκεῖν,
770 3291 865 3369 Min,
896 3291 935 3359 ef.
961 3291 1035 3370 881,
1060 3291 1102 3357 14
1126 3293 1198 3361 α’ντὶ
1223 3303 1278 3381 τῆς
1299 3295 1463 3360 Ἀντωνίου
1486 3319 1611 3379 μικρο-

267 3406 399 3491 λογίας.
419 3451 426 3466 .
445 3453 452 3466 .
470 3400 502 3480 ἐς
518 3401 577 3490 τήν
595 3407 759 3486 Καίσαρος
781 3399 911 3491 μνήμην
932 3405 1179 3485 μετατίθεσθαι
1202 3399 1290 3483 (874,
1309 3399 1351 3463 16
1374 3399 1452 3464 nihil
1467 3400 1610 3485 probat).

268 3511 351 3585 893,
377 3506 419 3572 18
451 3506 557 3596 φόνον
581 3515 768 3597 κατηγορῶν
790 3509 949 3592 πολέμιον
972 3506 1083 3572 κοινόν
1110 3505 1182 3574 άντδ
1205 3516 1269 3574 τῶν
1290 3508 1476 3594 ιόρισμένων
1499 3507 1614 3574 ἐπιτι-
1707 3572 1708 3582 ,

266 3624 349 3702 μίων
373 3625 439 3691 τοῖς
464 3623 600 3702 φονεῦσι
622 3618 766 3691 σίνεται,
790 3611 920 3680 ὃνδυίν.
949 3632 1028 3692 „nen
1052 3606 1213 3679 eontentu's
1228 3613 1368 3696 poenis“;
1391 3614 1496 3695 quales
1518 3613 1616 3682 locos

266 3721 368 3789 inveni
391 3722 445 3787 20.
1482 3718 1487 3730 “

265 3815 267 3820 ’
374 3829 594 3911 Nonnusquam
617 3826 711 3893 etiam
735 3828 987 3909 exspectamus
1011 3829 1205 3894 enuntiatum
1221 3846 1240 3892 e
1255 3830 1332 3914 πρὶν
1348 3827 1505 3911 incipiens,
1529 3847 1620 3896 eum

266 3938 433 4020 legamus
463 3936 537 4023 πρὸ
568 3953 648 3999 enm
677 3933 862 4018 genetivo:
894 3934 1041 4013 623,15
1074 3936 1152 4001 οὔτε
1182 3934 1283 4019 νόμον
1313 3935 1430 4001 ον’δένα
1454 3935 1518 4023 πρὸ
1546 3948 1620 4027 τῆς

266 4045 386 4132 βουλῆς
410 4041 443 4118 ἐς
466 4042 502 4108 τό
527 4043 657 4129 πλῆθος
681 4041 912 4129 ἐσφερόμενον.
939 4042 1095 4120 1024,14
1120 4043 1153 4107 οἱ
1166 4041 1203 4107 δέ
1218 4043 1382 4109 Φίλιπποι
1404 4041 1498 4119 πόλις
1515 4043 1624 4114 ἐστὶν
1685 4059 1688 4065 ’

162 4233 165 4242 Ι
267 4150 289 4238 ἣ
312 4148 417 4226 Δάτος
439 4145 623 4232 ὠνομάζετο
647 4147 751 4214 πάλαι
774 4150 829 4215 καὶ
852 4153 1005 4238 Κρηνίδες
1028 4147 1076 4214 ἔτι
1100 4148 1164 4236 πρό
1189 4147 1315 4225 Δάτου,
1345 4147 1413 4214 Nfe.
1438 4148 1503 4237 πρὸ
1529 4163 1624 4222 τοῦ.

270 4257 364 4336 1034,
389 4254 430 4318 22
462 4255 719 4341 ἀγανακτοῦντες
743 4255 780 4321 δέ
803 4256 836 4320 οἱ
857 4256 973 4342 ἄνδρες
997 4306 1003 4319 .
1024 4307 1030 4320 .
1050 4306 1082 4318 ..
1109 4257 1159 4322 ὅτι
1182 4262 1348 4342 κρείττους
1378 4256 1467 4334 ὄντες
1498 4255 1628 4350 α’λκὴν

375 4467 397 4538 1)
416 4465 449 4522 ef.
468 4465 502 4522 Κ.
521 4467 611 4537 5475.

374 4555 399 4626 2)
417 4556 452 4611 ef.
471 4555 586 4612 Keelker
603 4572 629 4626 p.
643 4557 703 4610 270.

373 4644 400 4716 ⁸)
418 4643 452 4701 ef.
470 4643 517 4701 Kr.
536 4645 608 4713 ἕ68,
624 4646 703 4710 14,1.
