3440 5238
803 325 998 388 ,6-

339 521 479 604 Figura
502 521 599 587 κατὰ
622 519 779 588 σύνεσιν
801 518 980 602 saepissime
1002 519 1102 586 utitur
1117 518 1155 585 A.
1174 519 1224 603 (ef.
1242 520 1283 587 Κ.
1300 521 1331 586 11
1354 540 1384 603 p.
1402 519 1565 598 47-52);

340 628 480 693 Primum
504 627 557 705 ita,
580 629 617 692 ut
639 626 722 692 verbi
746 626 826 692 finiti
849 644 996 692 numerus
1014 625 1142 710 pluralis
1157 626 1307 692 referatur
1322 626 1361 692 ad
1377 625 1565 710 singularem

234 733 419 806 subsiantivi
442 732 605 800 collectivi:
630 733 719 813 65,6
744 733 798 816 (τά
821 733 883 818 μὲν
907 733 939 810 ἐς
962 733 1019 799 τὸν
1041 734 1181 819 στρατὸν
1203 731 1386 810 ἀνάλισκεν,
1411 732 1465 798 ἴνα
1489 761 1566 819 προ-

233 840 422 929 θυμότερον
444 839 546 927 αυτῷΙ
560 844 795 918 συναδικοίεν)
821 839 873 916 67,
890 839 909 900 5
928 837 961 926 (ἡ
977 839 1112 927 στραττά
1131 877 1170 886 -
1189 839 1367 930 στρατηγόν
1382 839 1569 917 ἀπέδειξαν

234 947 350 1031 αὐτόν)
375 946 509 1024 290,15
535 948 567 1034 (ἦ
593 946 727 1035 στρατιὰ
753 985 792 994 -
810 955 892 1031 μεῗγα
916 944 1101 1036 ἠλάλαξαν)
1126 945 1236 1024 377,5
1262 945 1301 1024 (si
1324 945 1387 1011 cod.
1406 946 1444 1012 V.
1467 946 1569 1028 sequi-

234 1073 305 1119 mur
327 1073 396 1120 eum
420 1052 479 1138 M.)
503 1054 578 1133 410,
602 1052 645 1118 23
669 1052 702 1143 (ἡ
725 1053 828 1142 βουλὴ
853 1063 923 1131 τοῖς
947 1051 1158 1139 ἐγνωσμένοις
1181 1059 1408 1129 συνετίθεντο,
1438 1049 1566 1118 Schwfc.
1676 1109 1682 1132 2

235 1165 448 1238 συνετίθετο).
473 1159 547 1238 685,
565 1158 617 1226 17.
643 1157 790 1237 686,14.
817 1159 891 1238 709,
908 1158 961 1223 27.
987 1159 1122 1239 651,16
1147 1159 1197 1232 (τό
1222 1159 1303 1226 ἄστυ
1322 1195 1355 1205 -
1383 1160 1437 1236 τὰς
1460 1159 1568 1236 πόλος

235 1265 391 1355 ἀνέῳξαν,
407 1265 484 1343 017,
501 1265 591 1352 Μ10,)
613 1267 687 1340 826,
706 1265 758 1331 14.
777 1265 853 1343 827,
871 1265 901 1332 6.
926 1265 1002 1343 830,
1017 1266 1071 1347 26,
1096 1267 1171 1343 831,
1191 1267 1242 1332 14.
1267 1265 1341 1342 841,
1360 1265 1410 1332 18.
1437 1266 1566 1343 84823.

235 1373 311 1453 907,
336 1375 367 1440 9.
392 1374 467 1454 927,
492 1374 522 1439 4.
548 1376 623 1452 962,
648 1374 700 1440 21.
725 1374 801 1452 989,
826 1373 876 1437 18.
906 1374 1001 1452 1050,
1026 1375 1079 1439 20.
1105 1373 1202 1452 1097,
1229 1374 1268 1439 ll
1299 1373 1367 1456 (καὶ
1390 1371 1407 1438 ὁ
1431 1373 1568 1460 στρατὸς

235 1483 253 1548 ό
278 1490 337 1548 τοῦ
352 1487 524 1569 Καίσαρος.
549 1482 617 1549 εἴτε
633 1473 826 1571 ἐξεπίτηδες,
851 1475 907 1546 οία
931 1481 1202 1568 προδιδάσκονται
1225 1479 1390 1557 πολλάκις,
1413 1480 1481 1546 εἴτε
1500 1481 1567 1554 ete,

104 1621 105 1626 ¹
236 1588 292 1654 Mf.
309 1587 378 1672 post
393 1587 549 1665 πολλάκις
573 1591 606 1654 οἱ
620 1597 813 1672 στρατιῶται
835 1588 883 1652 vel
898 1586 961 1652 tale
976 1586 1050 1670 quid
1064 1585 1256 1652 intercidisse
1271 1585 1469 1670 suspicatur).
1508 1585 1568 1648 llx-

235 1694 391 1777 eipiendus
407 1694 455 1758 est
469 1692 552 1759 loeus
576 1695 650 1773 587,
667 1695 710 1760 20
727 1694 759 1782 (ἡ
775 1693 879 1781 βουλε)
896 1693 1047 1761 ἐκέλευσε
1064 1731 1104 1740 -
1120 1692 1238 1762 Λίειόν
1254 1718 1288 1762 τε
1303 1701 1452 1782 Δροῦσον
1469 1731 1508 1740 -
1526 1731 1567 1742 -

237 1801 356 1878 ἔπεισε,
372 1799 445 1868 Mfo.
463 1783 639 1886 ἔπειοανλ).
672 1801 917 1883 Nonnumquam
928 1800 1033 1866 eodem
1048 1801 1112 1866 loeo
1127 1800 1282 1866 structura
1296 1800 1445 1866 varietur:
1463 1803 1537 1881 633,
1550 1803 1567 1865 7

236 1907 373 1999 (ἡβουλὴ
392 1945 430 1958 -
449 1916 629 1992 μετέπιπτε
649 1947 683 1955 -
704 1911 760 1976 καὶ
776 1905 948 1999 ἔπεμπον).
974 1908 1048 1986 279,
1066 1907 1086 1970 8
1110 1907 1231 1992 (ὀλίγον
1246 1911 1273 1974 δ’
1290 1909 1368 1975 ὅσον
1390 1907 1570 1996 ἐσωφρόνει

237 2015 293 2093 τάς
316 2014 423 2092 πόλος
445 2014 598 2082 ἀπόκλειε
620 2017 675 2082 καὶ
694 2053 734 2062 --
754 2013 933 2101 ἐπλήρουν)
957 2015 1038 2093 206,
1063 2013 1106 2078 24
1137 2014 1170 2104 (ἡ
1195 2055 1234 2062 -
1260 2033 1300 2081 st.
1325 2017 1459 2103 στρατιά
1487 2017 1568 2082 -δ’

237 2121 299 2206 οέχ
328 2119 498 2213 ἐπήκουεν
521 2121 576 2188 ἐπ’
601 2121 695 2209 ὀργῆς
719 2114 763 2187 ὧν
786 2120 1028 2198 ἐπεπόνθεσαν,
1052 2119 1178 2187 Sthwfc.
1204 2122 1236 2187 οἱ
1257 2118 1284 2187 δ’
1309 2123 1370 2206 οόχ
1392 2121 1568 2213 ἐπήκουον,

236 2226 464 2314 ef.1097,11)
489 2228 635 2307 839,16.
661 2229 735 2308 840,
756 2228 805 2294 19.
831 2227 906 2307 842,
925 2229 955 2294 4.
981 2227 1056 2308 861,
1078 2229 1127 2294 14.
1153 2227 1228 2304 864,
1246 2227 1297 2293 23.
1324 2227 1490 2307 107017.

346 2335 412 2416 Quo
435 2334 583 2400 aeeedunt
604 2333 664 2401 leoi
686 2334 798 2417 quibos
821 2335 876 2399 aut
898 2334 1019 2416 praeter
1040 2332 1125 2398 verbi
1152 2333 1232 2400 finiti
1254 2335 1405 2417 pluralem
1428 2338 1483 2402 aut
1505 2337 1570 2402 sine

238 2441 323 2507 verbi
345 2441 426 2507 finiti
448 2442 561 2526 plurali
584 2441 678 2508 etiam
701 2440 864 2525 partieipia
886 2440 1001 2523 plurali
1022 2460 1148 2507 nurnero
1171 2440 1398 2527 coniunguntur
1412 2461 1483 2507 eum
1499 2444 1570 2508 sub·

239 2548 372 2615 stantivo
388 2549 563 2616 collective:
580 2550 655 2625 221,
673 2550 694 2613 4
711 2549 742 2633 (ό
759 2554 859 2640 δῆμος
879 2585 912 2595 -
933 2557 1148 2638 πεποιημένοι
1167 2585 1204 2595 -
1223 2548 1420 2638 διήρπασαν)
1436 2550 1511 2630 239,
1529 2552 1568 2616 16

239 2655 289 2733 (τὸ
313 2657 445 2746 πλῆθος
468 2693 510 2706 --
536 2655 768 2742 ἐκλογιζόμενοι
794 2674 832 2702 -’-
857 2655 1037 2744 ἠπείθουν)
1060 2655 1173 2737 2965
1198 2654 1229 2742 (ὁ
1246 2657 1382 2741 στρατὸς
1407 2695 1447 2704 -
1472 2683 1568 2723 κατα-

184 2843 188 2852 .
238 2767 374 2842 θέοντες
398 2763 584 2854 εὐφήμουν)
616 2763 697 2843 302,
721 2763 741 2827 3
764 2761 863 2849 (δρῶν
887 2800 927 2810 --
952 2763 1034 2828 ἀλλο
1057 2787 1093 2830 τε
1115 2765 1245 2851 πλῆθος
1268 2763 1381 2842 ου’τοῐς
1405 2763 1569 2841 συνόντας

239 2867 417 2957 ἀγοραῖον,
448 2871 492 2938 οἴ
509 2871 582 2955 eto.)
607 2870 688 2949 324,
714 2867 754 2934 12
785 2869 911 2960 (ἀνῄρει
941 2869 1001 2958 τὴν
1029 2869 1153 2957 βουλὴν
1181 2908 1215 2916 -
1243 2871 1284 2948 ὥς
1311 2908 1347 2917 -
1374 2870 1569 2956 προδόντας)

240 2975 314 3054 747,
333 2977 352 3040 6
376 2976 534 3066 (στρατόν,
559 2979 645 3045 οὕτω
678 3014 708 3024 -
734 2967 920 3067 περίφοβον
943 2979 984 3056 ὡς
1007 3015 1040 3023 -
1063 3011 1101 3024 -
1122 3013 1160 3025 -—
1178 2977 1260 3068 μήτε
1276 2989 1397 3066 στῆναι,
1420 2981 1497 3067 περὶ
1513 2979 1570 3056 τάς

239 3083 346 3161 πόλος
370 3084 474 3163 ὄντας
496 3085 566 3176 ἤδη,
589 3084 672 3173 μήτε
697 3083 862 3166 ἐσελθεῖν)
888 3085 962 3162 776,
983 3085 1003 3149 9
1028 3084 1138 3173 (ἑτέρα
1156 3121 1194 3130 -
1213 3103 1254 3150 se.
1279 3085 1389 3163 στάσις
1407 3123 1446 3132 —-
1464 3088 1491 3152 δ’
1517 3085 1570 3152 ἐπ’

239 3189 343 3258 ου’τὸν
365 3190 519 3258 ἀνίστατο
543 3201 602 3258 τοῦ
626 3201 776 3281 στρατοῦ,
801 3192 843 3270 ὥς
867 3192 944 3258 οὔτε
963 3227 1000 3238 -
1018 3190 1174 3275 λαβόντες
1194 3193 1271 3258 οὔτε
1289 3233 1328 3240 -
1345 3193 1571 3279 βραδύνοντες,

238 3297 315 3365 Mra.
340 3299 445 3364 eontra
468 3296 533 3364 Mu.
559 3299 590 3363 at
614 3297 711 3367 Sohar.
735 3298 845 3365 collato
871 3299 938 3366 loeo
970 3298 1050 3377 732,
1078 3297 1116 3363 17
1148 3299 1283 3384 στρατιὰ
1307 3337 1349 3346 -
1372 3299 1572 3392 κατεβόησεν

239 3405 281 3482 ἀς
298 3443 338 3452 -
352 3404 569 3493 βραδύνοντες
591 3407 646 3472 καί
665 3445 701 3454 ·-
720 3405 760 3472 ori
771 3401 941 3490 λαβόντες)
966 3405 1099 3484 804,10
1121 3403 1173 3495 (τῇ
1193 3408 1297 3491 βουλῇ
1309 3407 1511 3496 θαρροῦντες
1529 3445 1568 3454 -

239 3519 401 3598 συγγενέσι
425 3506 510 3598 orior)
535 3511 678 3590 1067,2.
705 3512 871 3591 111314.
899 3512 1065 3591 1161,17.
1092 3513 1167 3592 852,
1185 3515 1236 3577 23.
1263 3513 1338 3593 884,
1356 3514 1407 3581 21.
1473 3577 1475 3580 ,
1639 3589 1645 3600 ,

346 3617 472 3684 Talibus
495 3637 613 3702 quoque
635 3619 710 3686 loeis
733 3620 881 3687 habemus
910 3607 1110 3686 variationem
1138 3623 1327 3698 structurae,
1358 3620 1395 3686 cf.
1422 3621 1503 3698 170,
1527 3621 1571 3686 27

240 3723 331 3807 (οὐδὲ
347 3725 383 3791 τό
400 3726 518 3793 λοιπόν
539 3721 580 3818 ἦν
603 3726 650 3795 ἔτι
673 3737 716 3816 τῷ
728 3727 852 3820 Ἄννίβρι
874 3728 998 3806 πιστόν,
1022 3727 1305 3814 ὑποπτευόμενόν
1321 3753 1355 3795 τε
1371 3730 1427 3796 ἐπ’
1445 3728 1571 3795 ἐκείνου

239 3834 295 3900 καὶ
317 3831 568 3911 ἐποπτεύοντες
592 3834 710 3914 ου’τόν)
735 3834 810 3912 890,
837 3833 878 3898 15
902 3835 974 3924 (τὴν
997 3835 1168 3923 στρατιάν,
1193 3834 1247 3901 ἵνα
1273 3872 1309 3881 -
1336 3844 1486 3924 κατοκνῇ,
1511 3839 1573 3902 διει

239 3937 403 4027 κλήρωσεν
427 3977 479 4016 -,
504 3939 543 4006 osi
568 3939 827 4026 στασιάσαντας)
852 3940 926 4018 888,
952 3941 982 4020 9,
1007 3940 1049 4005 10.
1072 3941 1105 4031 (ἡ
1120 3941 1225 4030 βουλὴ
1252 3979 1287 3986 -
1313 3978 1344 3987 -
1368 3983 1407 3992 -
1426 3937 1514 4028 εἶχεν
1537 3942 1575 4008 ἐν

240 4045 333 4134 ὀργῇ,
359 4044 578 4138 ,ἀναθέμενοι
600 4049 636 4114 δὲ
662 4087 698 4096 -
726 4046 949 4140 ἐψηφίσαντο)
982 4048 1062 4128 764,
1088 4048 1229 4115 17-19.
1257 4049 1338 4125 469,
1365 4049 1494 4114 12-15
1520 4050 1573 4134 (τὸ

239 4162 322 4238 μέγα
345 4152 427 4219 ἀστυ
450 4155 489 4220 αἱ
511 4160 629 4245 Θῆβαι,
656 4193 693 4202 -
722 4194 761 4203 -
790 4192 827 4202 -
854 4155 1004 4240 ἑλόμενοι
1027 4155 1066 4221 τά
1092 4155 1327 4242 Μιθριδάτεια,
1355 4193 1389 4202 -
1424 4195 1451 4203 -
1472 4193 1509 4224 -÷
1531 4192 1572 4204 —

239 4264 442 4344 μετετίθετο,
466 4259 685 4341 Sohw.Mf1n.,
709 4261 748 4329 of.
772 4262 847 4343 877,
867 4263 951 4327 1-3
975 4261 1012 4328 τό
1037 4261 1073 4328 δὲ
1095 4259 1206 4340 πλέον,
1230 4263 1366 4351 ὁρῶντες
1384 4303 1423 4310 -
1441 4263 1574 4330 ἐτίθετο

239 4363 338 4432 Sehw.
362 4366 477 4451 illim).

228 4458 230 4466 ⁴
347 4471 537 4540 Pronominis
546 4474 941 4557 pluralemadsubstantivi
950 4475 1100 4542 collectivi
1115 4476 1301 4560 singularem
1317 4474 1409 4541 refert
1418 4475 1455 4540 A.
1467 4475 1575 4556 356‚3
1617 4541 1619 4546 ,

240 4589 404 4670 (προτοῦ,
427 4579 497 4668 οὓς)
521 4583 655 4664 695,13
679 4583 812 4674 (φθόνιρ
835 4587 860 4652 δ
884 4583 1014 4652 αὐτῶν
1037 4585 1070 4651 οἱ
1086 4585 1207 4652 πολλοί
1227 4584 1297 4668 post
1321 4583 1388 4674 τὴν
1408 4582 1575 4671 βουλήν)
