3440 5238
789 353 1027 418 -22-’

233 549 269 617 τδ
293 549 373 614 ἄλλο
397 574 431 633 μ.
455 547 527 628 οε),
550 547 642 631 Μῐε.)
668 547 741 624 771,
768 548 809 613 10
833 547 883 631 (τδ
906 556 1004 634 μέρος
1027 547 1154 633 ἔχοντες
1177 567 1231 631 pro
1254 548 1291 616 τδ
1316 550 1444 616 έαντοῖν
1465 557 1563 634 μέρος

233 654 367 735 ἕκαστος
391 655 530 741 ἔχοντες)
556 655 669 732 857,4
693 660 765 732 (τοῦ
788 656 913 744 πατρδς
936 674 989 737 pro
1013 665 1072 721 τοῦ
1096 664 1156 722 σοῦ
1179 656 1317 744 πατρὸς,
1341 655 1425 735 Nfo.)
1450 657 1560 734 864,1

232 763 304 854 (τὴν
327 762 477 851 κεφαλὴν
498 781 552 844 pro
576 762 639 853 τήν
661 761 722 850 σὴν
744 786 828 850 nego,
852 761 945 846 Nm).

339 869 398 935 Sed
420 870 597 952 priusquam
613 869 653 934 ad
666 868 734 951 ipsa
756 869 934 953 pronomina
955 868 1118 934 tractanda
1132 869 1298 948 transeam,
1321 887 1564 936 commemoran-

233 979 308 1044 dum
331 976 408 1042 mihi
431 978 492 1054 est,
523 977 562 1042 ab
585 976 622 1042 A.
648 977 813 1042 articulum
837 977 967 1042 eontra
989 975 1139 1042 Atticae
1168 975 1345 1041 dictionis
1368 995 1472 1042 usum
1495 995 1564 1041 non

233 1085 383 1168 saepius
406 1083 532 1150 omitti
555 1103 662 1166 quam
685 1083 783 1166 poni,
815 1101 850 1148 ae
873 1103 911 1148 ne
933 1085 991 1148 hae
1021 1083 1145 1164 quidem
1167 1083 1302 1150 locorum
1325 1101 1341 1148 e
1363 1082 1565 1149 multitudine
1688 1140 1693 1155 ,

235 1231 272 1240 -
292 1210 369 1274 quae
392 1191 443 1256 esi
462 1192 514 1268 65,
538 1210 554 1256 e
578 1191 688 1272 quibus
712 1191 754 1254 54
777 1190 872 1257 Maio.
893 1227 931 1238 -
949 1189 1235 1273 inquirentievasit
1258 1189 1335 1256 mihi
1351 1191 1398 1255 lex
1414 1189 1565 1272 quaedam

234 1301 296 1365 aut*
315 1299 435 1383 regula,
466 1317 559 1380 quam
591 1317 660 1363 eum
690 1298 830 1362 secutum
861 1317 927 1362 esse
949 1297 1046 1380 possit
1068 1297 1180 1375 statui,
1210 1296 1270 1362 nisi
1293 1295 1374 1378 quod
1397 1297 1566 1363 maximam

234 1407 352 1490 partem
376 1404 503 1470 deieiioo
526 1404 595 1482 illo,
626 1423 719 1486 quem
742 1404 861 1471 vocavit
883 1404 1022 1488 Krueger
1053 1405 1070 1488 ξ
1095 1404 1153 1482 50,
1179 1405 1216 1482 2,
1246 1403 1421 1488 significatu
1444 1403 1567 1468 videtur

234 1531 299 1579 esse
322 1531 410 1588 usus;
440 1511 478 1577 ef.
505 1511 585 1589 178,
612 1510 653 1575 17
677 1511 750 1600 (τήν
773 1511 828 1599 τῆς
852 1512 1019 1595 δυνάμεως
1043 1511 1192 1601 ἐρημίαν)
1217 1509 1291 1588 217,
1318 1510 1359 1575 25
1385 1509 1458 1595 (οὐκ
1481 1510 1567 1578 ἆνίει

235 1619 276 1686 τοὶ
307 1619 379 1708 ἱεροὶ
410 1618 477 1686 τὸν
507 1617 700 1709 ἐμπρησμὸν
730 1618 1003 1701 ιῖποδεικνέοντα)
1035 1619 1116 1696 337,
1142 1618 1161 1682 9
1194 1621 1261 1697 (καί
1291 1616 1382 1705 αὐτῷ
1413 1626 1568 1704 τέσσαρες

235 1729 350 1815 ἄνδρες
374 1725 441 1792 δπδ
467 1725 507 1791 τὸ
534 1732 653 1810 τειχίον
676 1722 876 1803 ὑποστάντες
900 1723 1132 1808 ἐπεβούλευον,
1157 1723 1283 1792 Sohwfc.
1302 1725 1371 1792 ὑπό
1387 1749 1418 1790 τι
1433 1727 1567 1810 τειχίον)

235 1835 310 1914 406,
336 1833 374 1898 ll
402 1832 592 1917 (κάμνοντες
615 1831 816 1908 ἐνεδίδοσαν,
847 1832 912 1899 δπδ
938 1843 1002 1920 τῆς
1026 1831 1181 1919 α’πορίας)
1214 1833 1288 1911 532,
1314 1834 1333 1897 8
1358 1831 1569 1915 (ἀδοξοῦντες

234 1943 296 2033 ἤδη
319 1940 357 2007 τδ
381 1950 454 2006 τῶν
476 1941 603 2029 ληστοῖν
626 1939 743 2023 ὄνομα)
768 1939 849 2016 679,
875 1940 915 2004 21
941 1940 973 2021 (δ
999 1947 1188 2028 Περπέννας
1211 1938 1328 2016 αὐταῖς
1352 1939 1568 2027 ἐνεγέγραπτο
1703 1947 1704 1958 ’

236 2051 292 2115 ἐπὶ
314 2056 358 2134 τῷ
381 2046 501 2136 κλήρῳ)
527 2045 600 2124 716,
625 2045 641 2109 l
669 2045 750 2128 (ὑπό
773 2071 808 2112 τε
832 2045 933 2125 ἔθους
956 2056 1029 2112 τῶν
1052 2047 1250 2133 στρατειῶν),
1275 2046 1408 2124 81612
1434 2045 1506 2130 (τοῦ
1530 2047 1568 2112 δὲ

234 2155 347 2244 ἥψατο
363 2153 425 2238 μέν
439 2153 459 2241 ἡ
475 2152 588 2242 ἡδονη)
613 2151 687 2232 955,
705 2152 745 2216 18
771 2152 967 2244 (προήγαγεν
982 2153 1102 2220 ἑαυτὸν
1117 2153 1173 2219 ἐπὶ
1188 2154 1255 2242 τὴν
1271 2151 1412 2241 σφαγήν)
1430 2152 1525 2232 1029,
1546 2154 1567 2215 6

237 2263 304 2348 (καί
327 2260 372 2326 τοὶ
396 2259 521 2345 ἐρυμνὰ
545 2269 608 2326 τῶν
631 2259 721 2338 έντδς
744 2263 914 2345 κατέλαβε,
937 2259 1010 2325 Mfo.
1036 2260 1121 2342 τινα)
1147 2259 1241 2338 1107,
1266 2262 1285 2324 6
1309 2262 1368 2344 (ιδν
1392 2260 1440 2326 ἔτι
1462 2267 1569 2349 κρείσ-

237 2393 301 2439 σων
326 2405 365 2416 -
390 2369 475 2435 κατὰ
499 2368 540 2435 τὸ
564 2369 707 2458 πλῆθος)
731 2368 790 2434 sei.

618 2580 671 2700 6)
708 2581 781 2679 De
813 2571 1207 2702 pronominibus

237 2781 275 2847 of.
299 2779 434 2844 Kaelker
456 2798 486 2862 p.
504 2776 580 2842 277.
606 2775 691 2843 Stich
715 2796 744 2860 p.
764 2778 838 2843 162.
864 2815 903 2824 -

344 2902 486 2968 Primum
509 2900 716 2967 adnotandum
740 2903 803 2981 est,
833 2901 1012 2986 pronomina
1041 2901 1161 2980 αδτδς
1184 2901 1219 2966 et
1243 2901 1365 2969 αὑτοῦ
1393 2902 1571 2989 confundi

239 3012 310 3079 152
333 3009 417 3090 losio,
440 3028 500 3074 non
516 3029 534 3074 a
548 3009 691 3088 librariis,
715 3010 767 3075 sed
786 3010 830 3074 ab
852 3010 917 3093 ipso
933 3009 1079 3091 scriptore
1102 3008 1154 3091 (of.
1172 3007 1241 3074 Soh.
1265 3029 1294 3092 p.
1314 3011 1377 3076 174
1394 3012 1425 3077 ei
1440 3009 1569 3094 Loeseh)

236 3121 282 3186 iia
310 3119 347 3183 ui
378 3117 440 3181 152
470 3116 545 3181 loeis
574 3116 650 3181 falso
682 3116 862 3182 offenderint
885 3118 940 3186 aui
963 3115 1151 3204 mutaverint
1173 3116 1218 3181 M.
1244 3117 1312 3196 alii3
1343 3117 1381 3182 ei.
1409 3120 1488 3195 702,
1516 3118 1568 3183 15.

238 3226 313 3307 705,
341 3225 390 3289 17.
416 3221 489 3298 717,
515 3222 568 3290 25.
594 3223 667 3304 752,
693 3224 745 3289 21.
773 3224 845 3303 754,
869 3224 921 3288 24.
948 3224 1021 3300 763,
1047 3222 1099 3289 22.
1126 3224 1199 3301 776,
1224 3223 1255 3290 5.
1282 3226 1354 3303 782,
1379 3227 1410 3291 2.
1436 3225 1510 3304 702,
1539 3226 1568 3304 7,

238 3333 290 3411 22,
315 3331 367 3396 24.
395 3330 527 3409 804,10
551 3330 609 3397 eet.
1421 3338 1429 3350 “

318 3465 321 3478 «
345 3437 431 3520 Quod
454 3455 526 3502 eum
548 3436 593 3501 iia
616 3436 667 3516 sii,
692 3427 806 3502 mirum
822 3456 882 3502 non
897 3438 952 3517 esi,
977 3437 1229 3519 quoidaiivus
1253 3433 1298 3516 οί,
1322 3439 1376 3520 qui
1392 3439 1570 3523 saepissime

237 3546 416 3624 usuvenit,
448 3541 603 3627 signifieat
625 3545 657 3609 et
680 3545 788 3632 ἑαυτῷ
819 3545 915 3622 (velut
948 3543 999 3622 75,
1025 3545 1076 3610 16.
1109 3545 1182 3622 148,
1208 3543 1258 3612 12.
1291 3545 1365 3622 162,
1391 3549 1420 3612 8.
1445 3547 1516 3627 oei.)
1557 3549 1571 3611 i

238 3653 327 3740 αὐτῷ
350 3650 439 3734 (137,
459 3651 488 3715 7.
521 3650 663 3729 138,14.
690 3652 800 3732 581,5
825 3653 893 3731 oei,
918 3651 955 3717 ef.
980 3650 1020 3716 Κ.
1046 3652 1061 3717 I
1086 3651 1196 3735 8165,
1221 3652 1241 3715 2
1266 3646 1571 3740 [1845955610

238 3761 361 3827 ἑαυτοῦ
375 3755 508 3843 legimus
525 3757 598 3836 500,
609 3760 646 3850 Ὶ3,
665 3752 707 3826 οδ
722 3759 827 3826 αὐτοῦ
844 3760 918 3839 866,
936 3759 965 3836 1,
983 3770 1087 3847 σφεῖς,
1104 3769 1205 3846 σφῶν,
1222 3766 1315 3848 σφίσι
1330 3780 1384 3844 pro
1398 3760 1499 3827 αδτοί
1510 3761 1570 3827 etc.

238 3866 289 3951 (ei.
313 3863 428 3931 Loesoh
459 3866 490 3930 ei
513 3861 597 3930 Stich
622 3884 650 3947 p.
678 3866 755 3951 162)
787 3853 838 3944 20,
866 3865 917 3932 14.
950 3867 1007 3945 52,
1031 3866 1060 3931 6.
1091 3867 1166 3945 334,
1192 3868 1221 3932 2.
1253 3867 1327 3944 468,
1354 3869 1385 3933 2.
1417 3866 1570 3946 777,16.

239 3974 313 4052 834,
340 3972 391 4037 18.
423 3971 497 4049 090,
523 3973 575 4036 23.
610 3973 705 4053 1070,
729 3975 771 4037 20
795 3975 871 4051 oea,
902 3992 957 4055 pro
982 3974 1109 4040 ἑαυτῶν
1131 3973 1187 4038 ete.
1223 3974 1304 4053 273,
1332 3975 1382 4038 10.
1415 3974 1489 4053 620,
1516 3975 1570 4040 22.

238 4078 382 4159 42011.
409 4077 554 4154 77714.
579 4078 652 4158 825,
670 4080 722 4144 22.
748 4081 822 4162 004,
841 4083 870 4147 3.
897 4080 970 4158 732,
988 4080 1018 4145 4.
1045 4080 1119 4159 812,
1136 4081 1167 4146 2.
1192 4080 1267 4160 924,
1284 4082 1325 4145 21
1350 4081 1407 4150 eei.

344 4185 544 4251 Pronomen
561 4185 707 4271 αδτόςῑ)
723 4205 778 4268 pro
795 4186 924 4254 ariieulo
939 4185 1074 4270 legimus
1091 4187 1165 4265 677,
1183 4187 1202 4251 2
1220 4187 1373 4272 (πόλεμοι
1388 4191 1415 4254 δ’
1428 4189 1575 4279 ἤκμαζον

239 4287 334 4371 οὗτός
357 4317 448 4359 τε-
466 4296 522 4359 καὶ
544 4292 562 4359 ὁ
579 4294 793 4383 Μιθριδάτου
815 4331 849 4341 ·-
869 4297 923 4362 καί
947 4293 964 4361 ὁ
985 4304 1050 4362 τοῖν
1071 4297 1196 4385 ληστοῖν
1216 4332 1250 4342 -
1270 4299 1326 4361 καί
1347 4298 1425 4381 περὶ
1440 4294 1575 4387 Κρήτην
1701 4317 1702 4384 j

238 4402 321 4490 πρὸς
345 4398 467 4478 αδτοδς
491 4407 618 4487 Κρῆτας
641 4397 765 4490 ἕτερος,
790 4401 877 4487 Mfo.)
907 4400 980 4480 710,
1007 4403 1022 4465 1
1050 4407 1217 4488 (Μέμμιος
1249 4401 1285 4468 δὲ
1312 4400 1412 4481 aiano
1436 4400 1493 4470 ἐπὶ
1520 4406 1573 4470 δε·
1703 4397 1704 4402 ¹

271 4651 273 4656 .
345 4611 368 4681 1)
386 4608 420 4667 οί.
439 4609 471 4666 δε
489 4609 548 4667 οο11.
568 4608 638 4666 verb.
