3440 5238
712 413 932 476 ..47-

44 681 51 702 .
154 605 260 669 autem
283 605 364 690 quod
387 605 517 688 scripsit,
541 603 678 688 equidem
704 606 847 687 suspicor,
870 606 925 672 boe
949 605 1013 671 1000
1028 605 1151 671 omnino
1166 623 1225 672 non
1242 607 1293 692 agi
1310 607 1346 673 de
1361 628 1488 691 persona

153 712 285 795 quadam
302 712 354 778 sed
369 712 407 779 de
422 731 464 777 re.
504 710 583 778 Puto
599 711 681 776 enim
696 711 729 776 in
744 713 906 798 archetypo
927 712 1021 778 fuisse
1045 712 1137 778 verba
1158 714 1201 790 ὥς
1216 717 1258 781 δν
1272 718 1304 792 ἐς
1319 724 1488 808 κυνηγέσα

153 823 410 904 ἐσκευασμένους
433 819 467 903 (1.
491 839 517 886 e.
542 818 681 901 vestitos,
710 820 797 901 quasi
826 821 926 886 essent
947 819 1111 904 venaturi).
1158 818 1225 899 Qua
1247 822 1397 905 scriptura
1419 844 1488 889 sen-

153 927 287 992 tentiam
311 926 411 991 sanari
435 946 522 992 nemo
546 946 604 992 non
627 925 794 1012 intellegit;
822 927 922 1009 ipsam
945 928 1049 992 autem
1079 927 1154 1011 quin
1181 926 1316 994 tribuam
1339 931 1487 1014 Appiano,

152 1051 185 1098 eo
209 1032 313 1098 minus
337 1033 452 1112 dubito,
477 1052 547 1098 eum
569 1033 709 1118 legamus
733 1033 807 1113 281,
833 1033 871 1097 11
897 1034 930 1112 ἐς
952 1034 1060 1123 μα’χην
1084 1033 1325 1119 ἐσκευασμένοι.
1354 1037 1428 1116 394,
1445 1039 1488 1102 25

38 1179 48 1200 >
153 1139 186 1218 ἐς
201 1147 390 1225 ναυμαχίαν
406 1140 640 1224 ἐσκευασμένοι,
664 1139 701 1204 cf.
721 1139 841 1219 731,1.
868 1140 940 1219 744,
957 1141 987 1207 2.
1004 1141 1078 1219 525,
1095 1142 1150 1206 21.
1175 1141 1296 1221 521,1.
1323 1142 1418 1223 1147,
1438 1146 1487 1211 17.

261 1246 375 1312 Hiatus
382 1247 406 1331 1)
423 1247 526 1311 autern
541 1246 568 1311 si
584 1265 675 1328 quern
691 1245 857 1326 offenderit,
873 1247 959 1326 sciat,
976 1246 1096 1313 hiatum
1113 1248 1152 1312 ab
1162 1248 1301 1331 Appiano
1316 1269 1371 1332 per
1386 1251 1488 1334 negle-

150 1355 291 1439 gentiam
314 1354 398 1420 nullo
421 1353 482 1419 fere
498 1353 587 1419 modo
602 1353 693 1418 vitari
715 1353 774 1419 nisi
789 1373 843 1436 per
858 1353 1097 1419 inconstantiam
1114 1354 1207 1439 (quod
1223 1356 1345 1420 eentum
1361 1358 1488 1440 paginas

150 1463 185 1526 in
208 1461 286 1527 solos
308 1461 412 1527 hiatus
435 1460 633 1527 observandos
655 1460 774 1527 intento
797 1461 964 1545 perlegenti
986 1461 1064 1526 mibi
1088 1462 1220 1545 evasae
1238 1462 1360 1543 quodsi
1382 1483 1487 1530 verum
1568 1451 1569 1456 ¹
1594 1505 1601 1516 .

150 1589 213 1635 000
230 1571 285 1650 est,
301 1568 414 1635 scribat
429 1575 634 1660 κυνηγεσίαν
649 1572 833 1660 (κυνηγέσια
848 1568 981 1652 legimus
999 1569 1091 1647 67,1.
1117 1568 1254 1648 544,17,
1271 1568 1323 1634 20.
1350 1570 1486 1649 699,Ιο

153 1675 230 1757 147,
247 1676 288 1739 27
305 1676 337 1742 01
359 1673 421 1740 alia
436 1674 656 1760 significatione
680 1675 754 1756 524,
771 1677 822 1754 23,
846 1683 1018 1766 κυνηγεσία
1033 1694 1102 1752 uno,
1127 1675 1275 1753 1111111101,
1300 1676 1372 1755 loeo,
1397 1695 1488 1758 quem

148 1783 257 1849 tamen
278 1781 426 1850 memoria
446 1801 507 1849 non
529 1783 642 1867 teneo).

548 1959 634 2077 18)
666 1960 739 2057 llo
771 1959 1097 2058 anaoolutbia.

260 2118 496 2189 Anaaoluthiam
520 2120 558 2186 Δ.
583 2119 738 2203 0110011οὲ)
761 2139 992 2200 nonnumquam
1008 2118 1148 2197 admisit3
1172 2118 1306 2201 primum
1322 2118 1377 2195 ita,
1402 2121 1438 2183 111
1453 2139 1488 2185 ex

149 2227 304 2308 obliqua
326 2226 491 2292 oratione
513 2224 683 2291 desiliret
706 2226 741 2289 in
765 2226 968 2291 orationem
991 2226 1138 2303 rectam,
1164 2224 1201 2291 ef.
1226 2225 1302 2303 259,
1320 2225 1359 2290 21
1384 2227 1427 2304 αἱς
1452 2231 1487 2293 δέ

152 2361 199 2412 τις
222 2344 285 2400 τοῖν
307 2334 494 2418 βουλευτῶν
509 2332 584 2410 τούς
600 2337 750 2418 πρέσβεις
774 2334 879 2423 ήρετο,
904 2334 992 2410 ὅπως
1015 2331 1075 2398 οὐκ
1098 2335 1132 2398 ἐν
1148 2332 1232 2421 ἀρχῇ
1255 2341 1314 2399 τοῦ
1337 2336 1485 2418 πολέμου

153 2441 229 2518 τούς
252 2440 383 2518 αἰτίους,
407 2439 492 2505 ἀλλὰ
515 2437 598 2522 μετὰ
623 2437 681 2529 τὴν
703 2431 806 2528 ήσσαν
828 2439 1031 2528 ἐξεκήρυξαν,
1054 2442 1109 2506 καὶ
1132 2441 1213 2526 πρὸς
1237 2439 1323 2531 ἡμᾶς
1346 2439 1385 2504 ori
1406 2440 1486 2528 πρό-

151 2572 248 2635 τερον
270 2548 352 2614 ἀλλὰ
378 2557 438 2615 νῦν
460 2545 717 2635 πρεσβεύεσθε,
742 2549 781 2614 οῖ’
798 2547 859 2632 μὲν
882 2546 1083 2634 ἀποκρίσεως
1105 2545 1263 2636 ήττόρουν.

261 2654 336 2733 452,
353 2655 396 2720 20
413 2653 452 2720 οὕ
469 2653 571 2741 λόγων
587 2652 652 2745 ἔφη
668 2653 792 2742 χρήζειν
808 2653 885 2720 οὐδὲ
901 2661 1033 2741 κρίσεως
1054 2653 1140 2732 ,ἀλλ’
1157 2648 1258 2731 αὖθις
1274 2653 1359 2737 ὖμᾶς
1378 2679 1488 2739 παρα·

149 2765 350 2846 καλοῦμεν“,
374 2761 450 2828 8110.
473 2761 587 2850 χρῄζει,
610 2760 686 2827 Mra.

263 2869 417 2947 1112,12
442 2867 590 2935 ἐκποδών
613 2868 649 2934 δέ
671 2867 819 2958 κάκείνης
842 2874 1027 2958 γενομένης,
1051 2864 1183 2944 οὐδενὸς
1206 2866 1287 2950 ὑμῖν
1309 2864 1415 2933 ἐνδεῖν
1438 2865 1491 2933 έτῖ

151 2979 219 3069 ἔφη
238 2977 342 3066 ,πρὸς
357 2975 518 3065 ἀλλήλους
534 2974 621 3064 πλήν
636 2974 822 3066 ἀληθεῦσαι
834 2977 912 3062 περὶ
926 2966 971 3040 οἷν
989 2971 1213 3062 ὑπενοήσατε*
1226 2971 1300 3036 MrS.
1317 2973 1422 3037 contra
1438 2972 1486 3051 Β,

151 3085 207 3170 qui
229 3103 256 3148 0.
280 3083 380 3157 ἐνδεῖς
404 3081 552 3147 accedunt
573 3082 631 3148 loci
655 3084 734 3164 379,
751 3083 804 3150 23.
829 3081 910 3160 302,
928 3081 980 3147 24.
1005 3079 1083 3158 885,
1101 3081 1132 3143 3.
1157 3080 1235 3155 965,
1254 3080 1284 3144 6.
1312 3080 1410 3155 1033,
1434 3079 1486 3148 10.

155 3191 252 3270 1111,
269 3192 299 3256 3.
325 3190 422 3267 1070,
440 3188 492 3254 21.

260 3295 493 3362 Contrarium
516 3296 641 3379 praebet
663 3295 747 3362 locus
771 3295 925 3375 1073,11
952 3294 1023 3362 iob
1046 3293 1278 3360 ἀντεδίδασκεν
1293 3291 1414 3370 αὐτοὺς
1436 3294 1486 3358 ὅτι

150 3407 243 3492 αὐτῷ
257 3405 319 3489 μὲν
341 3407 396 3470 καὶ
408 3403 559 3490 Ἀντωνίῳ
576 3403 686 3470 πίννα
701 3399 787 3470 εἶναι
803 3405 905 3491 φίλια,
928 3421 1000 3467 eum
1016 3401 1091 3479 866,
1112 3400 1151 3463 13
1167 3398 1279 3464 miram
1295 3398 1486 3464 inveniamus

150 3510 323 3579 orationum
347 3509 487 3592 obliquae
502 3511 534 3574 et
555 3512 656 3576 reatae
671 3509 925 3592 mnfusionem³):
944 3509 1111 3575 Ἀντωνίου
1125 3557 1132 3571 .
1144 3557 1152 3571 .
1165 3557 1191 3571 ..
1208 3507 1361 3590 κατεβόα·
1389 3511 1485 3583 ,Καί-

151 3643 228 3706 σαρι
250 3618 311 3702 μὲν
334 3615 372 3682 δι’
396 3616 454 3702 ἐμέ
475 3616 558 3707 μήτε
582 3617 767 3704 ὀργίζεσθαι
782 3619 864 3708 μήτε
887 3615 1068 3700 ἐνυβρίζειν,
1092 3612 1243 3702 εὐεργέτῃ
1254 3662 1338 3678 .....
1363 3636 1484 3703 γεγενη·

149 3733 256 3812 μένῳ·
279 3727 352 3810 ἐμοὶ
375 3725 411 3789 δέ
434 3732 498 3789 τῶν
519 3725 581 3810 μὲν
595 3725 730 3812 ὕβρεων,
756 3722 789 3801 ἐς
812 3725 892 3790 ὅσον
905 3723 1024 3799 θέλεος,
1049 3720 1282 3807 ἐμφορεῖσθαι,
1305 3720 1363 3807 τήν
1379 3721 1415 3784 δέ
1431 3727 1486 3807 τῆς

150 3831 266 3908 οὐσίας
288 3830 440 3920 ἁρπαγήν
462 3829 621 3915 ἐπισχεῖν,
643 3837 739 3918 μέχρι
761 3830 836 3908 τούς
864 3832 1075 3907 πολίτας....
1100 3826 1199 3911 ἔχειν·
1228 3824 1399 3912 α’ρκέσειν
1425 3825 1485 3910 γὰρ

149 3937 243 4023 ἐμοὶ
265 3945 434 4026 πενομένην
457 3935 515 4026 τήν
538 3961 573 4004 τε
587 3946 646 4004 τοῦ
662 3938 787 4024 πατρὸς
802 3935 910 4016 δόξαν,
933 3939 977 4002 ἄν
992 3939 1136 4022 διαμένῃ,
1159 3935 1214 3999 καὶ
1230 3932 1289 4022 τήν
1304 3941 1363 3998 τοῦ
1380 3931 1484 4020 δήμου

148 4049 346 4134 διανέμησιν,
369 4042 429 4110 ἐάν
451 4041 548 4133 ἐίσης
572 4047 741 4132 ‹lotitiaocef⁴

260 4149 377 4215 Deinde
405 4149 488 4217 baud
516 4169 584 4216 raro
613 4170 675 4215 nna
703 4169 775 4215 eum
797 4148 928 4215 subiecti
948 4146 1120 4212 mutatione
1142 4144 1341 4228 hypotaxin
1368 4143 1485 4209 inter·

145 4255 292 4337 rumpit
313 4258 370 4322 vel
392 4257 584 4324 continuat
605 4257 789 4341 parataxi:
818 4256 856 4322 ei.
882 4253 1015 4334 592,10
1038 4255 1178 4321 καθεῖλε
1201 4253 1237 4320 τῖ
1260 4258 1421 4338 θέατρον,
1445 4243 1486 4317 οὗ

144 4363 293 4442 Λεύκιος
302 4362 442 4444 Κάσσιος
457 4358 555 4455 ήρκτο
571 4367 627 4431 καὶ
642 4364 703 4456 ήδη
718 4389 784 4429 που
802 4364 892 4441 τέλος
909 4360 1101 4446 ἐλάμβανεν,
1118 4360 1161 4438 ὥς
1176 4361 1231 4426 καὶ
1246 4357 1320 4425 τόδε
1340 4358 1486 4423 στάσεων

262 4504 283 4574 ¹)
300 4503 334 4559 el.
354 4503 468 4559 Kaellrer
485 4507 513 4560 et
531 4504 584 4558 flu.

260 4593 284 4663 2)
303 4593 335 4648 de
354 4592 465 4665 Polybio
483 4593 517 4649 cl.
536 4592 650 4648 Knellier
668 4609 693 4661 p.
712 4591 773 4646 272.

259 4680 453 4751 &mmm
