3440 5238
836 407 1055 471 ..34-

283 599 320 663 ut
348 597 431 664 idem
460 597 503 664 sit
531 597 624 680 etque
645 599 729 684 πρὸς
750 598 892 684 adrev)
937 601 1019 666 Mihi
1048 601 1170 683 quidem
1200 599 1296 666 illud
1319 599 1384 664 veri
1410 599 1532 664 videtui
1555 617 1610 664 esse
1686 673 1694 690 ἢ

283 704 424 770 similius.

392 810 466 890 884,
483 814 525 878 25
549 812 624 879 Mf0.
645 850 680 860 -
701 813 775 891 944,
795 814 835 878 17
859 821 1079 900 προυτίθεντο
1095 835 1137 880 sc.
1153 817 1190 880 αἱ
1204 817 1347 903 κεφαλαὶ
1362 817 1433 898 post
1448 816 1503 882 ὅτε
1523 842 1608 900 προς-

283 925 390 984 κέοιτο
413 920 433 1010 ἡ
457 917 596 1008 κεφαλή,
620 919 961 1000 Schw.Mf0.596,15
986 921 1042 990 ἐπὶ
1058 923 1115 1010 τὴν
1131 924 1247 1008 ε’τέραν
1269 942 1311 987 sc.
1335 923 1439 1012 ἀρχὴν
1454 923 1523 1005 post
1543 924 1611 1006 περὶ

285 1026 344 1116 τῆν
365 1033 613 1111 χειροτοτονίαν,
637 1025 711 1093 Mfo.

263 1199 266 1206 ⁴
390 1131 465 1208 828,
483 1132 524 1196 17
549 1133 590 1211 ὥς
607 1133 760 1211 οδδενδς
778 1139 876 1201 τῶνδε
887 1136 1055 1219 Ῥωμαίοις
1070 1139 1350 1228 προσηκόντων,
1367 1136 1457 1200 Mfm.
1474 1135 1506 1200 in
1523 1135 1612 1201 occe
1675 1165 1682 1188 τ

284 1255 354 1302 cum
379 1235 510 1314 Schw.²‚
534 1237 587 1320 qui
609 1239 725 1305 frustra
747 1240 862 1306 confert
885 1242 964 1318 409,
983 1242 1039 1318 11;
1063 1241 1171 1308 utilius
1194 1242 1388 1308 conferuntur
1405 1241 1508 1319 1134,
1526 1243 1545 1306 8
1566 1241 1611 1304 ubi

284 1341 362 1421 Nic,
387 1345 417 1409 et
442 1345 537 1423 1050,
555 1347 608 1412 23.

393 1452 618 1528 1088,11,12
643 1454 681 1520 οἱ
702 1453 841 1544 ἄριστοι
864 1465 928 1522 τῶν
950 1455 1161 1544 ἐφεδρειῶν.
1185 1455 1223 1521 61.
1250 1455 1324 1533 613,
1343 1456 1361 1518 7
1387 1453 1529 1539 (011642)

751 1648 836 1768 13)
867 1650 941 1750 Dc
973 1651 1151 1771 ellipsi.
1268 1753 1270 1758 .

392 1841 526 1928 Appiani
556 1841 750 1928 neglegentia
778 1845 930 1912 scribendi
959 1864 1029 1911 cum
1061 1865 1097 1910 ex
1125 1844 1194 1911 aliis
1221 1846 1310 1912 rebus
1333 1848 1460 1931 apparet
1487 1849 1555 1912 tum
1583 1866 1615 1910 en

286 1950 426 2036 ellipsecs
448 1970 506 2016 usu
529 1949 780 2032 frequentissimo.

392 2058 437 2124 Ac
469 2057 605 2140 primum
633 2057 756 2138 quidem
787 2057 964 2142 saepissime
993 2060 1072 2126 solet
1102 2060 1243 2125 omittere
1273 2060 1526 2126 accusativum
1557 2080 1636 2146 pro·

286 2164 429 2231 obiecto
452 2163 623 2249 positum,
646 2164 767 2230 etiamsi
791 2165 867 2230 haut
888 2165 979 2232 facile
1001 2185 1036 2231 ex
1059 2166 1216 2232 intellectu
1230 2168 1327 2250 possit
1342 2168 1489 2250 suppleri3
1513 2166 1617 2249 quales

285 2272 367 2337 locos
388 2270 526 2356 congessi
542 2271 599 2346 963
623 2289 639 2335 e
662 2271 773 2352 quibus
797 2272 838 2336 35
856 2272 954 2351 Maf0;
979 2275 1018 2338 cf.
1037 2275 1093 2350 65,
1112 2274 1220 2338 8-10
1243 2284 1338 2362 μέχρι
1360 2275 1488 2362 Ἰβήρων
1510 2275 1619 2340 αὐτῶν
1686 2279 1702 2299 ”

287 2377 326 2446 οἴ
345 2402 380 2446 τε
394 2379 539 2462 βασιλεῖς
562 2377 736 2456 συστάντες
753 2379 787 2444 οἱ
800 2380 883 2445 κατοὶ
899 2389 998 2466 μέρος
1013 2384 1068 2447 καὶ
1083 2383 1153 2446 ἴσοι
1168 2382 1262 2446 ἄλλοι
1278 2386 1420 2457 δυνατοί,
1439 2387 1618 2447 κτείνουσιν

287 2477 363 2561 eicis,
388 2483 480 2549 Mfm.
504 2484 614 2550 αὐτῶν
635 2483 667 2549 in
691 2485 801 2558 αὐτόν,
827 2485 906 2566 quod
929 2487 999 2570 post
1022 2495 1201 2554 κτείνουσιν
1224 2487 1429 2571 supplendum
1453 2487 1504 2555 sit.

395 2591 468 2670 172,
487 2591 528 2654 22
554 2589 727 2669 ἐκθέοντες
748 2592 845 2680 ἄφνω
868 2593 1109 2676 συνετάρασσον
1131 2593 1191 2660 οἷεί
1208 2621 1238 2661 τι
1260 2598 1316 2662 καί
1338 2601 1520 2672 κτείναντες
1540 2594 1617 2659 ἐπα·

286 2696 412 2782 νῄεσαν,
435 2697 508 2764 Mic.
532 2699 675 2776 πολλοδς
698 2699 746 2762 vel
769 2699 865 2777 τινὰς.

230 2804 233 2810 ’
394 2805 468 2883 294,
489 2805 510 2868 4
534 2805 550 2870 δ
575 2806 600 2871 δ’
626 2803 762 2889 ἐπῄνεσε
790 2805 852 2889 μὲν
878 2807 920 2884 ὥς
949 2806 1220 2886 ἇξιοπιστίτατον
1250 2807 1286 2874 ἐκ
1315 2808 1448 2875 πάντων
1482 2811 1616 2896 ,κριτῶ“

286 2911 315 2977 δ’
337 2910 411 3002 ἔφη,
434 2910 506 2977 Mfc.
531 2911 643 2978 αὐτόν.

393 3018 467 3098 497,
484 3017 526 3082 26
550 3047 604 3086 και
627 3019 718 3108 ἡμῶν
741 3020 957 3105 ἀμυναμένων
978 3021 1049 3111 ἤδη,
1072 3020 1144 3086 Mfc.
1169 3045 1205 3089 σε
1228 3023 1299 3114 ἤδη.

393 3126 467 3204 621,
484 3124 748 3211 4πρέσβειςδ’
737 3151 773 3191 εν
788 3126 852 3214 ὁδῷ
867 3126 1141 3212 καταλαβόντες
1121 3153 1261 3216 ηρωτων,
1285 3157 1317 3196 τι
1312 3129 1418 3213 μεθ’
1436 3130 1587 3196 ὅπλων
1565 3133 1626 3196 επὶ

286 3233 346 3322 τήν
368 3236 512 3321 πατρίδα
535 3231 676 3312 e’tacsmcc
699 3232 774 3299 Mfc.
796 3233 931 3302 Συλλαν
954 3235 1008 3300 aut
1031 3213 1142 3302 αδτόν.

393 3337 1127 3468 810,14εδοῖρρει....στρατιανέσαγαγων
1152 3341 1186 3421 ἐς
1209 3343 1267 3432 τὴν
1295 3343 1391 3411 πόλιν
1414 3346 1629 3430 διαταράξαι,

284 3443 413 3512 Nfc.
377 3471 437 3533 την
459 3465 512 3528 pro
536 3469 567 3523 ες
591 3445 658 3535 τὴν.

394 3552 488 3630 1086,
506 3553 549 3617 24
574 3551 912 3646 ἕνακτομσῖχιγσεν....
943 3555 1019 3643 περὶ
1046 3557 1138 3622 ἅπαν
1161 3556 1197 3621 τὸ
1225 3563 1459 3643 περιτείχισμα.
1499 3560 1557 3624 καὶ
1586 3557 1631 3624 οὐ
1701 3625 1702 3630 1

285 3662 438 3750 δυνηθεὶς
461 3658 632 3747 ἀνέθορεν,
656 3657 753 3726 Schw.
778 3659 851 3726 Mfc.
876 3661 980 3729 οὐδέν.

393 3765 542 3843 1179,16
558 3769 764 3833 κεκέλευσται
780 3768 805 3833 δ
821 3767 1050 3834 ὑπ”Αντωνίον
1067 3770 1276 3853 πολεμοῦντα
1284 3777 1345 3852 μέν
1360 3793 1397 3835 σε
1411 3783 1637 3849 κατακανεῖν,

284 3870 495 3959 ἐγχειρίζοντα
518 3873 553 3940 δὲ
580 3882 725 3958 πέμπειν
748 3873 781 3952 ἐς
804 3873 907 3941 αὐτὸν
930 3874 1072 3959 ε’ντίμως,
1095 3875 1168 3941 Mfc.
1194 3875 1404 3963 ἐγχειρίζοντα
1428 3877 1464 3942 δέ
1488 3879 1636 3946 ἑαυτόν.

390 3977 507 4044 Deinde
535 3980 576 4045 25
606 3981 680 4046 locis
709 3982 739 4064 (e
770 3980 879 4062 quibus
907 3983 927 4046 3
954 3980 1044 4064 Mic.)
1079 3981 1285 4047 desideremus
1312 3983 1525 4081 genetivum
1563 4007 1642 4069 pro

282 4086 425 4152 obiecto
447 4084 627 4170 pesitum,
658 4087 811 4170 imprimis
842 4087 875 4152 in
903 4089 994 4154 verbo
1025 4092 1173 4167 δεῖσθαι,
1203 4090 1241 4156 cf.
1267 4091 1325 4170 90,
1351 4090 1391 4154 18
1415 4095 1539 4176 χιλίους
1575 4099 1643 4162 καὶ

282 4197 464 4271 διακοσίους
483 4193 646 4276 Ῥωμαίων
669 4197 871 4283 διέφθειρεν,
899 4193 1114 4278 ἀπολομένων
1142 4198 1166 4262 δ’
1191 4197 1280 4284 αὐτῷ
1308 4201 1484 4284 δισμυρίων
1512 4198 1645 4268 ἐδεῖτο

283 4306 516 4389 προσπέμψας.
563 4300 673 4379 269,9
702 4305 785 4392 μηδέ
807 4328 851 4390 τῳ
878 4309 1031 4387 παραστῇ
1058 4303 1337 4390 καταγιγνώσκειν,
1369 4304 1401 4370 εἰ
1430 4314 1538 4370 ταῦτα
1577 4313 1647 4377 καί

282 4404 395 4496 πρῴην
417 4407 564 4491 εἴπομεν,
588 4408 644 4474 ὅτε
667 4408 707 4474 τοὶ
733 4409 820 4475 ὅπλα
842 4411 957 4494 χ’τεῑτε.
1004 4409 1083 4488 578,
1107 4409 1147 4475 18
1171 4413 1226 4478 καὶ
1249 4411 1385 4498 περιϊών
1407 4412 1492 4478 κατοὶ
1520 4424 1649 4502 μέρος

390 4581 412 4652 1)
430 4582 464 4636 cf.
482 4581 515 4636 de
533 4581 630 4638 dative.

387 4670 411 4741 2)
430 4670 463 4726 cf.
483 4671 514 4725 dc
533 4671 649 4742 brecbyl.
