3440 5238
812 378 1031 441 -42-

365 577 439 654 570,
465 576 483 639 7
515 576 634 657 ὁμοίως
665 573 776 662 ε’κοίνφ
805 593 860 656 pro
889 575 1008 658 ὁμοίως
1039 583 1077 662 τῇ
1105 574 1230 642 ἐκεῖνον
1255 577 1394 661 δυνάμει
1405 575 1439 661 ¹).
1471 576 1546 654 579,
1574 578 1588 640 1

259 683 409 748 ἐκέλευεν
432 684 539 768 ἑαυτῷ
564 681 623 768 τὴν
646 680 818 771 ἐκκλησίαν
842 679 1036 769 ἐπιτρέψαι,
1066 680 1139 746 Μλσ.
1165 682 1357 750 ἐπιστασίαν
1386 681 1435 747 vel
1459 681 1593 748 ἐπιστα·
1695 683 1704 699 “

260 796 347 855 τειάν
376 788 427 871 (cf.
454 788 534 866 547,
559 787 624 865 24).
651 787 727 866 902,
752 788 794 851 17
826 788 887 853 οὐκ
910 787 1023 877 ἤνεγκε
1047 788 1106 874 τὴν
1127 789 1296 878 βαρύτητα
1320 799 1380 855 τοῦ
1402 796 1592 875 Κικέρωνος,

259 895 333 960 α’λλ*
357 895 389 973 ές
413 895 470 972 τὰς
494 903 657 982 Καίσαρος
681 895 834 972 ἀποικίας
858 894 1027 979 ἐκδραμών
1049 894 1092 973 οἷς
1115 894 1269 981 γνώριμος
1293 897 1352 962 δίο
1377 896 1415 974 ές
1438 896 1504 962 τὸν
1522 895 1592 961 Ἀν-

257 1002 393 1070 τοῖνιον
418 1002 661 1087 ,ἀνεστράτευσε
692 1003 788 1092 τέλη,
819 999 953 1068 Schurv.
989 1002 1155 1080 „revocatis
1186 1002 1225 1066 ad
1254 1001 1381 1068 Antonii
1411 1001 1590 1079 militiam“,

256 1107 343 1187 Mfo,
367 1107 400 1187 ές
422 1109 470 1173 ter
492 1127 650 1174 recurrens
673 1128 724 1173 me
746 1126 806 1172 nou
829 1106 977 1191 offendit).

365 1214 439 1293 594,
457 1217 476 1279 9
493 1216 510 1280 ὁ
529 1216 564 1280 δὲ
581 1215 744 1292 πολιτικὸς
760 1215 853 1299 ὄχλος
870 1214 951 1298 ἐβόα
966 1216 1009 1292 ὠς
1025 1222 1195 1305 γενομένης
1219 1216 1255 1282 ἐν
1270 1215 1421 1309 ε’κκλησίηι
1444 1223 1591 1303 βροντῆς,

256 1324 353 1388 ὅθεν
376 1321 416 1386 oa}
440 1327 537 1405 θέμις
560 1322 628 1388 ε’σιὶ
647 1321 811 1405 Ῥωμαίοις
835 1321 932 1388 οὐδὲν
955 1320 1003 1386 ἔτι
1025 1331 1155 1408 κυροῦν.

364 1427 439 1504 627,
464 1429 483 1491 8
508 1430 715 1513 χαλεπαίνων
736 1447 791 1511 pro
814 1430 1025 1513 χαλεπαίνειν
1049 1429 1319 1516 ὑποκρινόμενος,
1343 1427 1418 1494 Mfo.
1449 1428 1522 1507 302,
1547 1429 1590 1493 25

258 1533 294 1612 ἐξ
317 1535 461 1607 ἀέλπτου
485 1536 543 1600 καί
564 1541 711 1621 βραχέος,
734 1553 926 1616 nequaquam
952 1535 1091 1600 accurate
1115 1535 1234 1599 dictum
1256 1555 1311 1618 pro
1336 1535 1372 1614 ἐξ
1391 1535 1537 1602 ἀέλπτου
1555 1536 1591 1601 ἐκ

255 1647 410 1726 βραχέος,
435 1639 480 1706 st.
498 1639 591 1717 usa,
617 1639 746 1707 Sohwfv.
775 1644 914 1722 „praeter
937 1661 1039 1724 spem,
1064 1641 1166 1724 brevi,
1191 1662 1250 1724 quo
1273 1642 1367 1720 abfui,
1390 1644 1535 1724 tompore,
1558 1641 1590 1706 in

255 1749 380 1812 tantum
403 1749 510 1812 auctae
534 1750 636 1826 suut“,
659 1748 785 1833 βραχύς
808 1747 899 1826 enim,
924 1750 960 1813 ut
976 1749 1096 1831 saepius
1112 1748 1193 1832 apud
1208 1756 1258 1826 Α,
1282 1748 1333 1812 hio
1348 1746 1590 1830 intellegendum

256 1854 304 1920 est
327 1874 386 1919 nou
409 1853 509 1919 brevis
533 1854 585 1918 sed
609 1854 736 1939 exiguus
760 1854 811 1937 (of.
839 1854 912 1931 177,
936 1856 989 1922 27.
1015 1857 1090 1933 983,
1109 1857 1138 1922 7.
1163 1857 1273 1934 aaa?
1305 1855 1395 1939 alios)
1419 1847 1515 1922 (11οο
1536 1873 1590 1937 par

257 1961 472 2027 attractionem
495 1961 630 2043 positum
655 1963 703 2026 at
724 1981 779 2044 pro
803 1962 839 2029 ἐν
861 1955 896 2050 ᾧ,
944 1960 1002 2027 Sed
1025 1962 1233 2046 quoquomodo
1257 1981 1303 2027 ros
1326 1961 1491 2042 sehabet,
1519 1962 1590 2026 bra·
1705 1947 1709 2006 ἕ

255 2067 429 2152 chylogiam
452 2066 557 2132 adesse
580 2087 669 2132 nemo
690 2069 793 2151 potest
816 2087 936 2151 negare.

363 2175 499 2251 562,12
524 2174 657 2241 τοσόσδε
680 2171 728 2253 εἷς
752 2168 846 2254 οὗτος
869 2175 1012 2261 πόλεμος
1035 2179 1090 2242 καὶ
1113 2178 1258 2253 ποικίλος
1283 2175 1419 2260 ἐγένετο,
1442 2174 1510 2244 Rfc.
1525 2167 1590 2241 οἶδε
1708 2231 1709 2246 .

255 2307 342 2347 ποικ.
369 2280 414 2345 vel
438 2282 524 2348 οὕτω
547 2308 635 2349 ποικ.

362 2389 443 2468 953,
467 2391 488 2452 3
511 2391 532 2478 ἦ
558 2389 584 2456 δ’
609 2391 851 2481 ὑποκριναμένη
878 2392 941 2476 μέν
963 2391 1079 2458 ε’λθεῖν
1101 2391 1306 2476 ἐπείγεσθαι,
1330 2394 1469 2457 δεδιέναι
1492 2391 1520 2456 δ’
1543 2391 1590 2467 τίς

255 2495 291 2562 έν
313 2498 403 2562 νοκτὶ
425 2499 480 2562 καὶ
503 2502 724 2583 θεραπαίναις
746 2497 782 2572 ιδ
807 2499 968 2576 ὕποπτον,
992 2497 1031 2564 N.
1050 2497 1123 2562 Mf0.

368 2601 467 2679 1040,
486 2602 505 2665 9
529 2606 585 2670 καὶ
606 2603 699 2688 λιμδς
722 2599 763 2692 ἦν
785 2605 846 2694 ἤδη
870 2603 988 2695 σαφής,
1013 2604 1044 2682 ἔς
1067 2629 1104 2670 τε
1125 2611 1266 2690 μέγεθος
1288 2606 1343 2670 καὶ
1365 2608 1437 2682 δέος
1453 2602 1591 2694 ἑκάστης

255 2707 378 2798 ἡμέρας
407 2709 608 2796 ἐπεγίγνετο,
642 2710 732 2789 Mfo.;
768 2711 820 2793 qui
850 2712 996 2792 quattuor
1030 2710 1087 2777 loci
1117 2711 1229 2776 miram
1260 2710 1414 2792 quandam
1445 2708 1593 2774 exhibent

256 2814 388 2879 duarum
412 2815 570 2881 notionum
593 2817 839 2885 contractionem.

363 2923 437 3000 376,
463 2926 482 2988 8
514 2926 600 3013 δίπερ
624 2924 664 2991 οδ
689 2937 756 3004 τοῖς
787 2928 893 3014 φίλοις
917 2925 1001 2990 ἀλλὰ
1032 2937 1101 3003 τοῖς
1123 2926 1312 3015 ἡττημένοις
1336 2923 1411 3002 τοδς
1433 2947 1596 3012 κεκρατη-
1707 2983 1708 3012 o

256 3027 352 3107 κίτας
376 3030 586 3110 ἐπικελεύειν,
612 3030 737 3097 Sohwsc.
763 3035 850 3121 δὶπερ
875 3033 915 3099 ον’
940 3035 1056 3121 φίλους
1079 3043 1146 3109 τοῖς
1170 3033 1276 3120 φίλοις
1300 3033 1357 3096 eet.

362 3137 437 3216 627,
464 3137 501 3203 17
532 3140 607 3217 τούς
636 3142 828 3219 νεοπολίτας
857 3141 1009 3231 ἠρέθιζον
1032 3138 1064 3218 ές
1088 3139 1124 3205 τὸ
1150 3138 1331 3231 ένθίμημα
1359 3146 1417 3204 τοῦ
1442 3143 1596 3220 Μαρίου,

255 3252 325 3319 ταῖς
351 3242 479 3329 φίλαις,
504 3286 543 3293 -
569 3266 610 3313 sc,
634 3247 755 3326 πάσαις
780 3284 820 3294 -
845 3248 1079 3335 ἀναμιχθῆναι,
1102 3245 1174 3311 Mfo.

364 3350 436 3430 741,
463 3352 502 3415 19
526 3353 597 3419 δδδ
613 3362 740 3444 Καῖσαρ
763 3366 821 3421 τοῦ
845 3362 1020 3445 Πομπηίον
1052 3355 1109 3421 τὸν
1126 3356 1247 3440 Ἄλωρα
1270 3352 1420 3436 ποταμὸν
1443 3350 1478 3416 ἐν
1499 3359 1598 3438 μέσην

254 3459 394 3538 θέμενος
419 3456 723 3544 ἐστρατοπέδευσεν,
748 3460 845 3528 Schw.
869 3462 957 3536 Mfo.;
983 3461 1063 3539 644,
1091 3461 1142 3526 14.
1168 3461 1241 3536 759,
1259 3460 1302 3524 25
1326 3457 1380 3524 alii
1402 3476 1462 3522 non
1484 3457 1601 3522 valant
1706 3527 1707 3532 ,

256 3560 294 3624 ad
318 3564 516 3642 mutandum
540 3569 675 3632 cetarum
697 3568 735 3632 cf.
760 3568 987 3648 6191112971
1015 3568 1205 3652 (8111111119).

363 3672 438 3750 379,
465 3673 505 3738 10
530 3675 568 3740 τὀἰ
587 3676 721 3741 ’Ἄλπεια
745 3676 804 3766 ὅρη
821 3726 828 3740 .
847 3732 853 3741 .
873 3728 880 3742 .
903 3677 1099 3764 ὑπερῆλθον
1122 3675 1154 3753 ἔς
1176 3699 1213 3742 τε
1236 3675 1294 3764 τὴν
1312 3674 1467 3748 Ἰταλίαν,
1497 3672 1605 3756 ὑμῶν

256 3776 387 3855 ου’δενός
410 3806 462 3845 πω
485 3787 700 3869 θαρροῦντος,
724 3782 884 3867 ἐμβαλών,
907 3783 1078 3875 α’νέστησα,
1102 3781 1199 3849 Schw.
1216 3780 1291 3846 Mf0.

364 3886 439 3962 467,
457 3887 499 3950 23
523 3890 605 3955 ὥστε
628 3894 683 3957 καὶ
705 3893 782 3975 περὶ
805 3899 869 3956 τῶν
891 3891 1002 3958 ἄλλων
1025 3888 1218 3978 φιλοσόφων
1240 3889 1369 3975 ἄπορον
1382 3895 1516 3974 ποιῆσαι
1532 3894 1607 3958 καὶ

255 3992 416 4068 ίποπτον,
440 3995 507 4060 εἴτε
531 3995 574 4060 δι’
598 3995 726 4086 ἄρετῆν,
751 3998 818 4063 εἴτε
842 4005 956 4075 πενίας
979 4002 1035 4064 καὶ
1058 3997 1218 4082 α’πραξίας
1242 3996 1301 4083 τὴν
1324 4000 1445 4081 σοφίαν
1468 3992 1607 4063 ἔθεντο

256 4097 481 4184 παραμύθιον,
505 4100 572 4168 Νλσ.
599 4101 763 4190 ἐζήλωσαν
785 4104 856 4185 post
879 4102 1006 4192 ἀρετήν.

363 4206 438 4285 496,
454 4210 474 4271 2
492 4217 637 4297 Φρυγίαν
659 4214 695 4277 δέ
709 4233 760 4276 σοι
776 4213 909 4288 Μάνιος
932 4209 1051 4276 ἔδωκεν
1073 4209 1130 4276 ἐπὶ
1153 4213 1330 4302 δωροδοκίᾳ
1348 4259 1355 4274 .
1374 4259 1381 4272 .
1400 4258 1407 4273 .
1425 4208 1478 4273 καὶ
1497 4215 1558 4293 uqa*
1561 4213 1612 4278 δε

254 4311 396 4395 μάλιστα
419 4312 524 4401 αὐτὴν
548 4317 717 4403 ὁμολογεῖς
740 4316 780 4382 oo
804 4321 932 4395 δικαίως
956 4319 1080 4402 λαβεῖν,
1105 4316 1142 4382 ἐκ
1165 4320 1374 4404 δωροδοκίαις,
1399 4311 1526 4380 Schwfc.
1562 4316 1613 4386 ἐκ

256 4422 283 4483 δ.
307 4419 425 4503 λαβών,
449 4419 524 4488 Mf0.

363 4633 385 4702 1)
404 4632 437 4689 of.
456 4632 561 4689 dedat.
