3440 5238
677 392 896 456 ..43-

231 586 363 663 501,16
387 590 442 654 καὶ
455 596 519 677 Ιγῆς
542 585 751 673 ἀναδασμοδς
775 587 983 674 ἐργασαμένῳ
1006 589 1061 654 καὶ
1076 595 1179 674 χρέῶν
1201 586 1377 666 ἀποκοπάς
1399 592 1455 654 καὶ

27 681 35 702 ’
124 695 253 760 δούλων
283 691 532 780 ἐλευθερώσεις,
562 697 616 760 καί
646 693 824 780 τυράννους
854 693 907 759 ἐπ’
932 692 1043 772 ἐνίοις,
1073 695 1131 759 καί
1159 694 1315 783 λῃστήρια
1337 696 1455 771 πολλά,

121 799 194 865 Mic.
220 825 289 886 τυρ.
314 800 523 888 ἐπιστήσαντι
547 801 652 880 ἐνίοις.

230 907 361 986 644,18
386 906 541 995 στρατιάν
563 911 619 975 καὶ
642 908 767 996 τροφάς
790 910 845 974 καὶ
861 905 1012 994 χρήματα
1028 916 1174 997 συνῆγου,
1191 907 1296 986 ούδέν,
1321 909 1362 985 ώς
1379 913 1455 993 περὶ

122 1014 275 1098 ἐσχάτων,
298 1022 409 1102 σφίσιν
432 1014 678 1093 ἀπολείποντες,
702 1014 775 1080 Mfc.
801 1016 842 1092 ως
866 1023 929 1080 τῶν
953 1011 1097 1098 ἐσχάτων
1116 1022 1208 1102 σφίσι
1224 1014 1454 1102 περιεστώτων,

24 1179 35 1202 ,
120 1120 188 1185 Nic.
214 1124 290 1209 περὶ
314 1120 457 1206 ἐσχάτων
479 1122 730 1200 κινδυνεύοντες.
1290 1103 1297 1116 “

230 1228 311 1306 658,
337 1229 378 1293 16
408 1230 441 1295 οἱ
461 1229 522 1313 μέν
545 1229 680 1306 ἑαυτούς
704 1227 863 1315 ἀνῄρουν,
895 1227 933 1291 οἵ
952 1227 979 1293 δ’
1002 1224 1163 1314 ἀλλήλους
1186 1227 1330 1305 ἑκόντες,
1361 1231 1400 1294 οἳ
1419 1230 1455 1295 δέ

118 1337 174 1400 καὶ
196 1334 327 1420 βρόχοις
350 1337 595 1413 συνεπλέκοντο,
619 1334 693 1400 Mfe.
719 1332 847 1412 ἑκόντες
870 1333 1040 1421 ἐφόνευον.

230 1441 357 1522 658,17
374 1447 429 1511 καὶ
444 1443 502 1522 τάς
512 1443 622 1529 θύρας
638 1443 839 1530 ἐνέφραττον
854 1437 968 1528 ἕτεροι,
983 1444 1039 1507 καὶ
1055 1440 1313 1528 ἐνεπίμπρασαν,
1329 1439 1454 1507 Sohwfc.

119 1551 176 1615 καὶ
199 1549 258 1635 τὴν
279 1550 378 1615 πόλιν
400 1549 487 1616 ἐνεπ.

232 1654 344 1734 169,3
368 1656 408 1722 οἵ
424 1658 485 1741 μέν
509 1658 567 1723 ούκ
591 1655 704 1747 ἠξίουν
722 1706 729 1721 .
747 1706 753 1718 .
773 1706 804 1720 ..
830 1657 993 1742 βλαβῆναι
1017 1654 1075 1739 τὴν
1096 1653 1195 1720 πόλιν
1218 1655 1295 1721 οὐδὲ
1319 1656 1455 1733 δούλους

117 1764 182 1844 μέν
204 1761 414 1849 ἐλευθεροῦν,
438 1765 513 1840 τούς
536 1765 573 1830 δὲ
597 1763 796 1849 ἐλευθέρους
820 1761 994 1849 ὑπερορᾶν,
1013 1759 1088 1826 Stfe.
1113 1762 1189 1838 τούς
1205 1761 1240 1827 δέ
1258 1760 1456 1850 ἐλευθέρους

8 1933 10 1944 ,
118 1868 346 1948 δουλεύοντας,
369 1869 444 1936 MfO.
470 1870 507 1937 cf.
532 1870 607 1949 376,
626 1873 655 1935 8.

8 1949 23 2040 Γ
230 1977 363 2056 660,10
388 1977 572 2069 ἐγκλήματα
596 1979 621 2042 δ’
645 1972 685 2066 ἦν
708 1979 763 2042 καὶ
784 1981 875 2054 ξενία
898 1976 954 2040 καὶ
969 1974 1065 2061 φιλία
1080 1977 1135 2041 καὶ
1151 1974 1318 2057 δάνεισμα,
1342 1973 1455 2057 λαβόν-

117 2111 175 2162 τος
199 2086 219 2172 ἢ
244 2084 365 2160 δύντος.

8 2263 13 2294 χ
230 2190 455 2270 689,11-13
480 2183 516 2279 ἧς
541 2189 624 2279 ἐρῶν
647 2190 780 2267 Κόιντος
804 2188 952 2275 Κούριος,
976 2187 1060 2274 ἀνὴρ
1085 2187 1119 2252 δι’
1139 2187 1246 2277 ἀνείδη
1269 2187 1378 2253 πολλοὶ
1402 2196 1456 2277 τῆς

8 2327 10 2360 =
113 2298 242 2388 βουλῆς
265 2297 475 2382 ἀπεωσμένος
495 2301 551 2365 καί
566 2301 662 2387 τῆσδε
682 2305 738 2384 τῆς
752 2297 908 2362 Κατιλίνα
932 2293 1097 2383 συνθήκης
1120 2292 1303 2382 ἠξιωμένος,
1326 2293 1457 2380 κούφως

112 2405 212 2491 μάλα
227 2407 283 2470 καὶ
296 2406 473 2492 φιλοτίμως
488 2404 644 2494 ἐξέφερεν
660 2399 716 2470 οἶα
731 2429 813 2487 προς
830 2402 1002 2492 ἐρωμένην,
1026 2401 1067 2479 ὥς
1083 2400 1201 2466 αὐτίκα
1224 2398 1457 2476 δυναστεύσων,

113 2511 193 2577 Mic.
220 2510 353 2598 ε’ξέφερέ
378 2535 413 2578 τε
435 2512 546 2577 πάντα
569 2511 650 2599 πρὸς
674 2511 778 2601 αὐτὴν
800 2513 856 2576 καὶ
878 2509 1133 2594 ἐμεγαλαυχεῖτο
1157 2503 1232 2575 οἷα.
1246 2558 1272 2572 ..

230 2618 304 2696 697,
322 2618 361 2681 21
388 2619 602 2702 ἐνισταμένων
625 2619 661 2685 δέ
684 2621 814 2685 πολλῶν
837 2655 875 2665 --
901 2635 942 2683 se.
968 2641 1003 2683 τε
1026 2618 1134 2681 ἀλλων
1157 2653 1192 2662 -
1217 2617 1273 2680 καὶ
1296 2613 1457 2692 Κάτωνος,

117 2725 210 2803 Μίο,
235 2724 272 2789 ef.
298 2726 441 2805 698,19.
466 2725 541 2791 Mfo.
567 2725 642 2805 543,
660 2727 713 2791 20.
737 2724 821 2789 Nsm.
847 2723 923 2805 253,
943 2725 993 2790 13.
1018 2721 1115 2788 Schw.
1140 2720 1259 2807 Mfm.¹)

231 2832 304 2908 877,
321 2832 366 2896 24
389 2833 421 2910 ἐς
445 2833 657 2920 ἀλλοτρίωσιν
680 2841 743 2898 τών
765 2834 967 2923 κληρουχιῶν
990 2829 1169 2917 Καίσαρι,2)
1194 2827 1268 2892 Mfo.

230 2937 365 3018 92812
388 2939 476 3027 νόμῳ
499 2941 525 3006 δ’
549 2942 648 3027 ἑτέρη)
672 2939 798 3005 ἀπέλυε
821 2939 865 3028 μη
883 2934 971 3004 εἶναι
990 2939 1149 3022 πολέμιον
1163 2935 1379 3020 Δολοβέλλαν,
1403 2938 1458 3001 καὶ

116 3043 208 3114 εἶναι
232 3045 338 3132 φόνου
363 3050 452 3125 δίκας
476 3047 531 3114 ἐπὶ
555 3054 703 3135 Καίσαρι,
727 3044 854 3111 Schwfc.
880 3048 935 3111 καὶ
959 3045 1057 3112 ἔθετο
1083 3039 1177 3122 εἶναι,
1201 3040 1273 3106 Mfe.
1291 3043 1346 3108 καὶ
1362 3048 1457 3128 τρίτην

118 3150 216 3221 εἶναι.

231 3259 365 3338 94915
389 3264 444 3328 καὶ
466 3262 599 3338 πλείους
622 3259 785 3352 ίψάμενοι
808 3265 969 3327 συνέθεον
991 3260 1012 3348 ἢ
1034 3256 1236 3342 ἀκροώμενοι
1251 3254 1294 3321 Μ.
1317 3275 1341 3320 r.
1365 3255 1458 3320 adno-

121 3367 203 3434 tavit
230 3368 443 3451 „exspectabas
466 3371 488 3456 ἢ
511 3378 637 3455 προτοῦ
660 3367 930 3454 ἀκροασόμενού,
956 3364 1007 3431 sed
1031 3364 1109 3430 nihil
1132 3362 1327 3429 mutandum.

232 3475 312 3552 993,
329 3475 372 3539 26
403 3476 443 3541 τά
468 3477 494 3541 δ’
518 3475 604 3542 αύτά
632 3478 686 3541 καί
709 3484 858 3562 Βροῦτος
885 3473 964 3558 ύμῖν
987 3479 1150 3559 προτείνει
1177 3477 1377 3562 ψηφίσματα
1403 3472 1458 3536 καὶ

8 3651 9 3660 ,
124 3581 314 3670 Πομπήιος.
328 3635 334 3646 .
348 3634 355 3648 .
369 3634 388 3657 .,
412 3583 469 3661 τάς
494 3581 520 3648 δ’
545 3584 682 3659 ἱκετείας
705 3581 761 3649 ἐπὶ
776 3593 844 3660 τοῖς
861 3588 1052 3672 ψηφίσμασι
1073 3582 1129 3646 καὶ
1144 3579 1216 3645 οἵδε
1230 3577 1364 3654 πάντες,
1388 3577 1458 3643 ὅσοι

122 3690 303 3779 φεύγουσιν
318 3689 385 3755 ἀπὸ
403 3699 459 3780 τῆς
473 3693 602 3777 βουλῆς,
626 3689 666 3755 οἳ
679 3689 741 3774 μέν
757 3687 789 3766 ές
805 3688 864 3773 ἐμὲ
880 3691 935 3755 καὶ
950 3696 1110 3772 Βροῦτον,
1134 3686 1208 3752 ολδ
1227 3684 1259 3762 ἐς
1275 3683 1457 3774 Πομπήιον,

121 3796 183 3862 Μτ.
209 3794 369 3860 adnotavit
391 3796 429 3860 ed
452 3799 508 3862 καὶ
534 3797 748 3878 „exspectabas
771 3799 976 3873 ποιοῦνταί,
1000 3793 1051 3859 sed
1074 3793 1152 3858 nihil
1174 3791 1368 3856 mutandum.

234 3900 329 3981 1114,
346 3903 388 3967 22
412 3904 435 3969 ἀ
456 3904 517 3988 μέν
540 3905 579 3991 δὴ
603 3904 772 3993 Λαβιηνός
787 3928 823 3969 τε
845 3906 901 3970 καὶ
916 3907 1111 3987 Παρθυαῖοι
1127 3900 1303 3985 δράσαντες
1318 3898 1458 3974 ἔπαθον,

120 4012 140 4098 η’
169 4010 326 4097 Παρθικὴ
350 4009 486 4102 δηλώσει
508 4012 630 4101 γραφή,
654 4010 728 4076 Mfc.
753 4009 896 4097 ἔδρασάν
919 4010 1031 4075 τεκαὶ
1055 4006 1196 4073 ἔπαθον.

233 4114 308 4194 886,
328 4117 367 4180 16
392 4116 550 4202 ύποζύγια
561 4169 568 4184 .
581 4169 607 4184 ..
624 4123 771 4184 κατέθυε
786 4120 841 4183 καὶ
857 4117 1033 4202 ἐταρίχευε,
1048 4114 1093 4203 μὴ
1110 4113 1235 4198 χρόνιος
1250 4112 1270 4199 ἡ
1287 4112 1459 4193 πολιορκία

118 4233 258 4313 γένοιτο,
281 4219 350 4288 Nfe.
375 4227 441 4291 δέει
461 4224 523 4312 μὴ;
547 4223 691 4288 similiter
713 4223 882 4305 comparati
904 4222 976 4287 sunt
998 4218 1216 4297 10679414.
1241 4216 1352 4302 (Schw.
1368 4214 1458 4300 Mfo.)

120 4330 223 4408 1039,
243 4327 284 4393 16
308 4327 406 4414 (Nf0.‚·
428 4332 562 4396 ceterum
584 4330 622 4397 ef.
648 4331 722 4410 897,
738 4330 795 4418 24)
820 4330 916 4410 1136,
934 4329 985 4394 12.
1013 4369 1052 4378 -

117 4493 341 4507 ———-—-

236 4577 260 4650 l)
279 4576 314 4633 ef.
332 4577 364 4633 do
381 4576 511 4647 particula
528 4600 564 4633 τε.

234 4668 259 4739 ²)
276 4665 309 4721 ei.
328 4666 360 4722 de
378 4666 475 4723 detivo.
