3440 5238
835 382 1055 446 ..28-

385 574 559 640 infinitivus
582 575 696 642 activi
719 575 849 658 donique
877 596 940 659 pro
962 575 1104 660 passivi
1128 577 1212 642 extat
1236 576 1316 653 832,
1332 543 1354 639 7
1384 575 1438 659 (οῖ
1456 576 1617 663 πρότερον

280 681 545 767 attribuerentur
568 681 689 762 αάτούς
712 681 834 771 ἔφερον
847 686 961 752 καλεῖν
980 684 1147 768 βασιλέας)
1171 683 1246 762 858,
1265 682 1316 748 24.
1343 682 1466 760 244,1.
1493 683 1568 761 246,
1587 685 1616 761 8,
1695 683 1704 698 “

279 787 391 872 quibus
413 787 488 854 locis
510 788 584 856 Mfo.

710 1019 765 1140 3)
797 1019 870 1117 De
902 1020 1180 1141 participio.

386 1213 568 1298 Saepissime
590 1215 787 1297 participium
811 1214 1019 1298 praesentis
1042 1215 1174 1300 legimus
1197 1235 1260 1298 pro
1283 1216 1431 1294 aoristi,
1461 1218 1616 1300 imprimis

278 1323 403 1386 verbum
418 1328 594 1408 γίγνεσθαι,
610 1321 857 1400 πυνθάνεσθαι,
873 1321 1108 1397 ἀισθάνεσθαι,
1125 1323 1353 1410 τυγχάνεσθαι,
1372 1324 1477 1401 θύειν,
1493 1325 1616 1402 ἀνύειν,

277 1430 442 1516 κρύπτειν,
466 1429 655 1515 γιγνώσκειν,
680 1429 798 1506 σοόζειν,
822 1440 948 1516 χωρεῖν,
972 1428 1196 1516 ἀφικνεῖσθαι,
1220 1442 1361 1514 κρατεῖν,
1385 1431 1485 1516 ἄγειν,
1510 1431 1605 1516 ἀκμά

277 1539 347 1614 ζειν,
371 1534 476 1616 quales
498 1535 578 1599 locos
601 1533 737 1617 congessi
759 1535 809 1613 79,
834 1533 984 1615 equibus
1008 1534 1050 1598 65
1066 1534 1160 1602 Maio.
1186 1536 1383 1602 Contrarium
1407 1537 1550 1603 exhibent
1574 1542 1617 1603 20

276 1641 344 1720 loci,
369 1641 480 1722 quibus
502 1641 597 1720 MafO,
622 1640 662 1706 cf.
688 1639 760 1718 116,
779 1640 821 1704 20
846 1642 863 1707 ὃ
888 1641 924 1708 δὲ
949 1641 1138 1729 Οάρίοιτθος
1162 1680 1201 1688 -
1217 1644 1346 1728 θαμινά
1371 1643 1474 1711 ε’πιάν
1496 1649 1552 1712 καὶ
1578 1648 1618 1714 οὔ

277 1773 349 1816 τινα
371 1748 485 1834 καιρόν
507 1747 670 1838 ἀδόκητον
692 1746 833 1814 ἐκλιπόν
860 1786 893 1794 -
922 1747 1068 1838 ἦνοόχλει.

288 1889 290 1893 -
384 1853 587 1936 Participium
609 1853 818 1937 praesentis
841 1875 903 1937 pro
925 1855 1045 1921 futuri
1068 1855 1185 1940 legitur
1208 1857 1249 1920 36
1273 1857 1347 1922 locis
1371 1858 1422 1942 (cf.
1447 1859 1488 1922 Η.
1514 1859 1576 1941 Β),
1603 1879 1619 1924 e

275 1961 387 2043 quibus
403 1963 445 2027 26
464 1962 569 2041 Maio,
593 1961 630 2028 cf.
651 1964 723 2042 131,
742 1963 757 2025 1
775 1957 817 2053 ἦν
833 1962 881 2030 ἔτι
896 1963 1052 2050 νειότερος
1068 1974 1123 2051 τῆς
1138 1958 1370 2054 νενομισμένης
1386 1975 1454 2043 τοῖς
1471 1967 1619 2034 ὑπατεύ-

277 2092 367 2136 ουσιν
389 2069 523 2159 ἡλικίας.

383 2174 587 2258 Perticipium
611 2177 819 2257 praesentis
843 2196 905 2259 pro
928 2176 1085 2259 perfecti
1108 2177 1208 2241 inveni
1234 2176 1273 2242 12
1297 2175 1386 2258 locis,
1416 2179 1567 2261 equibus
1596 2186 1617 2247 9

275 2282 384 2358 Maio„
410 2282 447 2349 of.
473 2284 590 2360 584,3
614 2285 679 2372 (τηῖ
702 2291 860 2352 Σκιπίωνι
891 2293 1078 2376 γαμουμένη
1101 2303 1154 2367 pro
1184 2313 1200 2350 τ
1233 2293 1270 2352 Σ.
1296 2295 1500 2378 γεγαμημένη
1524 2287 1619 2371 Mfo.)
1697 2293 1703 2313 ⁴

276 2390 388 2467 371,6
412 2391 480 2472 (nai
503 2387 599 2477 ἕτερα
625 2389 714 2482 ἔθνη
725 2390 934 2479 ἀφιστάμενα
959 2391 1006 2458 ἔτι
1029 2390 1094 2478 πρὸ
1120 2391 1234 2469 αὐτοῦ,
1259 2389 1397 2468 Schwfo,
1419 2392 1530 2459 Pletho
1546 2395 1618 2473 1111,

275 2496 312 2561 of.
337 2496 381 2563 M.
406 2497 430 2562 Ι.
455 2515 485 2578 p.
503 2495 600 2581 XXI),
626 2499 760 2576 1089,9
785 2501 843 2588 την
867 2500 1031 2586 στρατιάν,
1055 2502 1114 2590 ἴση
1138 2511 1206 2577 τοῖς
1228 2507 1423 2587 γιγνομένοις
1440 2500 1619 2588 ἐφήδρευε,

275 2601 340 2669 (liv.
362 2604 547 2681 ,exercitum
562 2625 683 2670 omnem
699 2605 752 2687 qui
766 2607 861 2688 gestis
876 2607 967 2672 rebus
983 2605 1194 2680 interfuerat“‚
1219 2605 1256 2672 cf.
1279 2625 1323 2683 ea,
1349 2625 1427 2687 quae
1443 2627 1536 2689 supra
1552 2607 1620 2674 dixi

276 2709 312 2774 de
336 2708 464 2776 candidi
495 2712 646 2788 versione,
679 2732 771 2794 quam
800 2713 879 2778 nibil
909 2713 1036 2794 probare
1065 2711 1202 2779 iudicant
1233 2713 1329 2777 etiam
1357 2713 1490 2792 Loesch,
1521 2717 1618 2801 Berg,

275 2816 416 2883 Schenkl.
442 2855 485 2865 -

381 2925 466 2990 Haeo
489 2925 592 3004 habui,
617 2944 694 3006 quae
717 2925 881 3009 proferrem
899 2926 934 2992 de
950 2926 1102 3009 participii
1118 2928 1291 3008 temporum
1312 2927 1620 2995 commutatione.

381 3031 453 3096 Jam
477 3032 593 3098 restant
615 3051 712 3114 pauca
735 3032 772 3097 de
795 3052 876 3098 usu:
900 3033 999 3098 utitur
1023 3032 1105 3099 enim
1131 3037 1166 3097 A.
1191 3033 1352 3116 participio
1376 3052 1430 3116 pro
1454 3035 1624 3102 enuntiato

274 3157 334 3202 non
349 3137 448 3204 solum
464 3139 504 3204 ad
520 3138 753 3223 significandam
768 3158 893 3203 causam
909 3139 1084 3205 adfectuum
1097 3180 1135 3188 -
1149 3139 1222 3220 573,
1239 3141 1290 3206 20.
1309 3141 1383 3219 574,
1405 3141 1442 3204 12
1471 3142 1546 3219 225,
1558 3143 1621 3211 26.

276 3246 350 3323 623,
368 3249 397 3310 9.
425 3246 566 3324 721,15.
593 3246 666 3324 864,
684 3247 735 3334 24.
765 3246 857 3325 1158,
875 3247 926 3311 22.
951 3247 1101 3325 22612,
1133 3266 1192 3328 quo
1219 3248 1283 3313 loco
1308 3249 1397 3312 verba
1421 3243 1472 3327 οίς
1496 3249 1533 3335 δὴ
1557 3255 1626 3318 καὶ
1711 3243 1712 3246 '

274 3352 430 3435 μάλιστα,
460 3352 502 3430 οῖς
527 3353 628 3418 πλέον
651 3353 805 3430 δεδιόσιν,
836 3353 974 3442 ἐθάρρει
997 3352 1098 3420 Schts
1128 3355 1233 3419 contra
1262 3355 1321 3420 VH.
1347 3354 1399 3438 qui
1423 3354 1461 3420 fc.
1487 3357 1626 3423 πλέονα

275 3459 405 3526 εἰδόσιν.
439 3497 477 3506 -
509 3459 546 3525 cf.
579 3459 659 3538 817,
684 3460 725 3526 17
749 3460 998 3550 ὑποστήσεσθαι
1026 3461 1291 3548 ἀφαιρουμένους
1324 3501 1362 3510 -
1396 3463 1450 3527 aut
1478 3462 1626 3530 rationes

275 3564 415 3630 irrealem
433 3567 520 3650 (874,
542 3566 577 3629 11
598 3567 675 3634 οὔτε
691 3567 868 3656 ἀφείλοντο
886 3571 929 3634 ἀν
946 3605 987 3614 —
1004 3567 1048 3658 μὴ
1066 3567 1364 3652 -ἀντιλαβόντες,
1384 3569 1510 3645 1061,8
1527 3569 1627 3653 cet),

275 3673 475 3754 temporalem
499 3674 574 3738 alias
601 3711 637 3720 ι-
664 3693 742 3756 quae
765 3693 821 3739 non
846 3677 919 3740 sunt
941 3694 1031 3752 nova,
1056 3675 1108 3740 sed
1137 3675 1231 3739 etiam
1253 3675 1291 3739 in
1314 3674 1438 3741 verbis
1462 3675 1630 3744 dicendi

275 3780 310 3845 et
332 3779 529 3860 sentiendi,
553 3781 584 3845 et
606 3782 638 3846 in
663 3781 706 3846 eis
729 3781 783 3860 ita,
806 3782 842 3847 ut
865 3782 990 3848 modum
1015 3781 1164 3848 usitatum
1187 3782 1276 3866 longe
1292 3782 1444 3847 transeat:
1468 3801 1540 3846 narn
1556 3802 1631 3865 pro

273 3887 339 3969 ipso
369 3887 520 3954 infinitivo
547 3889 602 3954 aut
631 3888 802 3954 accusativo
832 3889 864 3953 et
892 3889 1042 3955 infinitivo
1072 3909 1141 3954 eum
1166 3907 1274 3972 ponere
1297 3887 1492 3972 participium
1521 3909 1633 3961 nemo

274 3994 408 4078 negabit,
433 3993 618 4077 quicumque
634 3989 797 4078 inspexerit
811 3996 891 4070 locos
909 3997 982 4074 225,
999 3995 1041 4060 27
1066 3996 1166 4083 (ἑώρα
1183 3997 1218 4062 δὲ
1234 3996 1277 4074 ὥς
1295 4033 1331 4042 -
1349 3997 1633 4088 κακοπαθήσων)

275 4101 348 4179 262,
361 4103 381 4166 9
399 4101 611 4183 (όπιόπτευον
627 4102 687 4168 οάκ
703 4102 760 4170 ἐπὶ
775 4103 924 4193 συνθήκῃ
939 4109 1057 4196 βεβαίηι
1075 4104 1115 4169 τά
1130 4105 1237 4193 ὅμηρα
1252 4103 1462 4192 παρέχοντες)
1479 4103 1555 4180 376,
1571 4107 1634 4176 10

274 4210 343 4299 (τῆς
366 4216 541 4296 πρεσβείας
565 4218 724 4287 συνιέντες
740 4207 931 4300 ἀφιγμένης)
957 4211 1030 4287 847,
1048 4209 1077 4274 5.
1103 4209 1177 4288 849,
1194 4208 1246 4274 20.
1272 4209 1367 4286 1061,
1385 4211 1415 4275 8.
1445 4209 1538 4287 1107,
1556 4212 1652 4290 20„

277 4315 371 4393 1118,
390 4316 419 4385 6,
446 4315 611 4395 113818,
636 4335 672 4380 ao
695 4335 752 4381 non
777 4316 875 4381 solum
899 4317 968 4399 post
990 4316 1081 4381 verba
1105 4315 1254 4380 sentiendi
1278 4317 1309 4381 et
1332 4315 1450 4382 dicendi
1474 4316 1529 4382 boc
1553 4337 1640 4390 usu

274 4422 375 4488 venire
398 4421 506 4488 docent
520 4421 577 4489 1οοί
595 4423 669 4498 374,
689 4422 727 4485 11
754 4423 900 4511 ἔφασκον
922 4420 1008 4491 εἶναι
1032 4423 1161 4510 δόσερίν
1184 4448 1220 4490 τε
1242 4427 1298 4490 καὶ
1313 4424 1542 4512 φιλοπόλεμον
1558 4439 1645 4502 καὶ
1711 4437 1712 4440 ’

276 4530 399 4596 οόποτε
422 4528 601 4620 εἰρηνεύειν
624 4531 815 4615 δυνάμενον.
841 4530 915 4610 511,
932 4531 973 4596 27
999 4529 1150 4614 ἔμελλον,
1164 4581 1171 4596 .
1186 4583 1192 4594 .
1205 4529 1420 4621 Μιθριδάτην
1437 4583 1443 4594 .
1464 4581 1470 4594 .
1491 4579 1498 4595 .
1524 4531 1642 4605 ἀπο.

275 4638 412 4704 κλείσειν
437 4671 477 4682 -
496 4687 503 4702 .
521 4688 555 4706 ..
581 4638 658 4704 οὔτε
686 4637 875 4720 ἐξόδους...
901 4637 948 4708 ἔτι
978 4637 1094 4726 ἔχοντα
1124 4638 1202 4704 οὔτε
1224 4637 1398 4725 βιάζεσθαι
1426 4637 1650 4724 δυνάμενον
