3440 5238
706 426 921 492 -53-

149 727 269 808 partem
300 727 456 813 scriptoris
486 728 695 812 neglegentia,
727 728 807 812 quod
837 729 994 808 concedet,
1027 729 1210 813 quicumque
1239 726 1482 805 consideraverit,

149 853 208 897 usu
231 834 334 899 venire
356 835 451 900 etiam
479 835 718 916 contrarium,
748 838 784 902 ut
813 837 845 901 in
876 837 1037 903 adverbiis.
1084 836 1157 903 Loci
1187 837 1290 902 autem
1319 835 1393 900 illue
1414 853 1482 917 per·

148 939 252 1004 tinent
267 941 320 1020 37,
342 941 488 1022 equibus
514 941 553 1006 14
576 942 685 1021 Μο10.;
710 942 747 1008 cf.
774 943 869 1008 etiam
893 945 967 1024 937,
985 944 1005 1007 4
1028 944 1061 1011 εἰ
1079 945 1125 1034 μὴ
1142 948 1259 1021 Πέδιος
1282 942 1404 1019 αὐτοῦς
1422 992 1429 1007 .
1449 993 1481 1008 ..

153 1045 320 1136 ἐπήλπιζε,
345 1057 604 1133 περιμείναντας,
628 1049 661 1128 ἐς
684 1047 727 1116 ἕω
752 1052 791 1116 τοὶ
816 1050 1033 1138 α’κριβεῗστατα
1055 1056 1190 1136 μαθεῖν,
1213 1048 1266 1115 ubi
1292 1048 1324 1128 ἐς
1348 1045 1391 1115 ἕω
1413 1065 1483 1130 per·

20 1203 31 1218 .
147 1153 231 1218 tinet
253 1153 291 1218 ad
314 1160 448 1238 μαθεῖν.
474 1156 548 1235 827,
567 1157 585 1220 7
609 1159 665 1223 καὶ
686 1157 771 1241 μετὰ
792 1163 872 1246 βοῆς
887 1162 942 1226 καὶ
962 1166 1096 1246 πομπῆς
1112 1157 1171 1224 ε’πί
1185 1157 1225 1223 τά
1243 1155 1367 1240 ἔμβολα
1382 1178 1482 1240 repoe-

149 1265 243 1350 τέθη,
266 1259 325 1326 Mr.
351 1260 467 1326 confert
491 1261 635 1340 671,11.
664 1299 701 1308 -
727 1261 806 1328 1000
830 1265 904 1340 617,
928 1264 978 1344 13,
1001 1263 1055 1329 ubi
1078 1262 1211 1348 legimus
1234 1261 1336 1340 ἔθους
1359 1262 1395 1327 δὲ
1410 1287 1481 1347 χρο-

147 1375 222 1433 νίου
246 1368 321 1445 τούς
344 1367 458 1447 τόκους
479 1375 705 1454 βεβαιοῦντος,
737 1371 776 1436 οἳ
793 1371 855 1455 μὲν
876 1371 959 1438 κατά
985 1371 1023 1438 τὸ
1047 1369 1127 1449 doeg
1149 1371 1264 1459 ᾔτουν,
1293 1369 1333 1435 οἲ
1351 1367 1387 1434 δὲ
1411 1363 1484 1434 οἷον

147 1473 186 1540 ἐκ
210 1476 363 1558 πολέμων
392 1479 427 1542 τέ
449 1479 503 1542 καὶ
526 1475 671 1542 στάσεων
694 1476 913 1561 ἀνεβάλλοντο
945 1477 1003 1558 τάς
1025 1475 1215 1556 ἀποδόσεις,
1244 1475 1314 1560 posi
1337 1473 1484 1542 πόσεων

147 1579 293 1662 equidem
316 1580 520 1664 suppleverim
546 1584 644 1662 ὄντες.
670 1620 712 1629 -
1253 1654 1256 1662 ,

258 1686 356 1754 Idem
380 1689 632 1772 deprehendimus
654 1690 694 1755 in
717 1690 901 1756 attributo
925 1689 1024 1756 tribus
1047 1689 1137 1756 locis:
1162 1688 1237 1768 483,
1263 1688 1304 1752 14
1328 1687 1484 1773 στρατιὰν

147 1797 179 1860 δ’
202 1795 286 1877 ὅμως
316 1796 420 1886 ἄλλην
448 1796 518 1864 ἀπό
549 1806 612 1863 τῶν
640 1797 697 1864 ὑπ’
728 1798 831 1865 αὐτὸν
861 1797 976 1864 ἐθνῶν
999 1798 1157 1864 ἁπάντων
1181 1847 1189 1863 .
1213 1845 1223 1864 .
1248 1845 1256 1862 .
1282 1844 1289 1858 .
1314 1794 1483 1878 συνέλεγεν

1 1889 27 1996 0,
146 1900 202 1984 (of.
225 1901 296 1980 173,
316 1901 369 1988 15)
386 1902 459 1981 607,
480 1904 494 1967 1
512 1905 567 1970 καὶ
583 1903 658 1982 τούς
674 1904 709 1982 ἐξ
725 1903 836 1971 αἰτῶν
852 1944 892 1954 -
909 1923 949 1971 00.
967 1913 1031 1970 τῶν
1054 1893 1184 1971 πόλεοιν
1198 1939 1240 1950 -
1258 1901 1482 1986 αἰχμαλώτους

148 2011 265 2075 τεκαὶ
288 2008 426 2088 δούλους
449 2009 670 2097 ἐστράτευσεν.
695 2010 770 2091 232,
788 2011 848 2091 51).

259 2134 490 2200 Contrarium
521 2135 666 2200 exhibent
687 2135 748 2201 loci
771 2137 824 2216 33,
850 2136 889 2201 19
914 2138 987 2203 δυσὶ
1011 2133 1144 2222 δόρασιν
1167 2133 1199 2211 ἐς
1222 2131 1281 2222 την
1303 2140 1360 2220 γῆν
1382 2130 1483 2213 ε’μπε-

146 2241 289 2328 πηγόσιν
306 2240 495 2329 ἐπικάρσιον
510 2244 591 2308 ἄλλο
613 2242 751 2321 ἐπιθείς,
775 2242 942 2327 ἐξέπεμπε
953 2243 1117 2327 Ῥωμαίων
1133 2238 1270 2307 ἕκαστον
1284 2235 1352 2302 ὑπὸ
1372 2235 1475 2322 τοότηι

147 2346 225 2412 Mfo.
252 2356 358 2415 τοῦτο.
398 2348 479 2428 502,
505 2352 546 2414 23
578 2352 633 2418 ἐπὶ
656 2352 714 2441 τὴν
737 2350 769 2429 ἐς
789 2350 909 2443 Ῥώμην
931 2350 1045 2417 στάσιν
1073 2348 1288 2433 ἐπειγόμενος.
1329 2343 1402 2421 680,
1427 2343 1479 2409 22·

145 2455 264 2533 933,5
288 2454 413 2539 (quibus
436 2455 533 2543 Mic).
560 2458 634 2535 346,
652 2458 681 2522 3.

258 2561 450 2629 4110101000
473 2564 551 2629 mihi
574 2565 621 2630 est
649 2563 964 2640 commemorandum,
996 2562 1100 2628 valde
1130 2579 1251 2626 amare
1274 2555 1479 2641 Appianum

144 2666 258 2732 verba
281 2667 510 2753 simplicia2),
534 2671 572 2737 of.
591 2671 665 2750 253,
691 2672 731 2734 15
757 2671 908 2760 ἔπεμψεν
930 2690 984 2754 pro
1007 2667 1212 2759 ἐπέπεμψεν,
1235 2665 1370 2743 55513
1393 2664 1481 2746 χίλια

144 2773 267 2840 στάδια
291 2785 346 2864 τῆς
369 2777 513 2865 ἡμέρας.
533 2829 539 2842 .
558 2829 565 2842 .
581 2782 726 2866 δραμεῖν,
749 2777 824 2844 Mfc.
849 2781 1053 2865 διαδραμεῖν,
1079 2774 1184 2857 quales
1207 2773 1289 2838 10000
1311 2767 1411 2835 inveni
1428 2766 1480 2846 87,

144 2901 162 2945 0
189 2881 302 2962 quibus
326 2883 367 2947 33
391 2884 486 2951 Maio.
531 2884 638 2967 Neque
660 2886 764 2949 temen
795 2903 853 2950 non
876 2885 981 2948 extant
1003 2883 1077 2961 loci,
1110 2881 1221 2964 quibus
1249 2875 1416 2960 composita
1437 2873 1481 2938 le-

145 3007 272 3072 gamus,
297 2992 503 3073 exspectemus
527 2991 681 3076 simplicia
697 2994 749 3069 29,
774 2991 919 3075 equibus
942 2993 984 3055 20
1008 2989 1112 3068 Maio,
1137 2988 1174 3054 of.
1193 2987 1268 3063 542,
1289 2985 1327 3048 13
1345 2980 1481 3072 ἐνηγγύα

145 3115 206 3179 pro
221 3095 331 3183 ἦγγόα.
359 3098 468 3176 772,1
495 3099 683 3189 συγγνώμην
699 3098 850 3166 ἐπεδίδου
874 3117 929 3181 pro
953 3122 980 3164 σ.
999 3097 1117 3164 ἐδίδου.
1142 3095 1218 3172 936,
1236 3093 1288 3157 22.
1314 3090 1480 3167 1003,11.

145 3205 227 3282 353,
246 3203 295 3267 24.
321 3205 396 3286 593,
417 3207 455 3270 19
480 3205 531 3290 (cf.
550 3207 623 3284 697,
640 3207 706 3292 21).
732 3207 806 3285 338,
824 3205 843 3269 2
867 3205 925 3272 001.

260 3312 366 3394 Qualis
390 3313 594 3379 inconstantia
616 3315 744 3397 apparet
766 3312 862 3378 etiam
884 3331 901 3376 e
923 3309 1073 3389 1001027,
1099 3309 1137 3373 11
1163 3308 1215 3394 (cf.
1241 3305 1336 3380 1072,
1361 3303 1404 3387 8),
1427 3299 1481 3364 ubi

145 3420 234 3485 extet
255 3421 365 3487 αἰτίαν
388 3431 513 3509 φέρειν,
537 3422 569 3486 eb
591 3422 665 3500 413,
691 3421 732 3485 15
756 3421 806 3500 (cf.
829 3421 903 3497 302,
922 3420 965 3503 8).
995 3417 1093 3495 1115,
1118 3418 1170 3495 20,
1194 3413 1247 3480 ubi
1270 3411 1350 3478 extet
1374 3408 1482 3473 αἰτίαν

147 3529 331 3615 ἀναφέρειν
355 3528 438 3611 (cum
457 3528 552 3607 1094,
574 3529 615 3592 14
638 3528 779 3612 legamus
795 3527 903 3593 αἰτίαν
917 3525 1128 3614 μεταφέρειν)
1144 3523 1223 3587 inber
1238 3538 1271 3586 110
1286 3513 1479 3598 comparabit⁸

260 3653 347 3735 Quod
371 3673 441 3718 curu
464 3653 509 3718 ita
532 3653 584 3733 011,
608 3673 646 3718 ne
667 3652 700 3718 in
723 3654 777 3718 eis
799 3652 924 3736 quidem
940 3649 1151 3717 offendendum
1171 3647 1219 3713 cst
1241 3643 1347 3722 10010,
1371 3639 1482 3724 quibus

148 3761 273 3844 praeter
301 3760 554 3843 praepositionem
585 3779 657 3825 cum
685 3760 807 3826 nomine
836 3759 1031 3825 coniunctam
1065 3775 1119 3821 seu
1148 3754 1276 3820 eandem
1306 3771 1359 3816 seu
1389 3746 1481 3812 aliam

147 3867 403 3954 praepositionem
436 3867 614 3933 inusitatius
636 3868 668 3934 et
690 3866 896 3934 abundantius
926 3885 998 3932 cum
1024 3865 1114 3931 verbo
1137 3861 1310 3927 invenimus
1332 3850 1483 3937 composi·

147 3979 228 4053 tarn,
253 3974 332 4057 quod
349 3975 390 4041 27
414 3975 488 4041 locis
510 3975 676 4053 observavi,
702 3974 844 4057 equibus
869 3974 910 4038 14
926 3972 1036 4048 Μο10.;
1060 3969 1251 4047 0123215
1275 3969 1483 4054 δυνηθέντων

146 4085 211 4150 σῦν
235 4081 325 4169 ardep
348 4082 527 4149 συνανόσαι
549 4084 606 4149 τὸν
628 4081 759 4168 δρόμον.
790 4081 870 4158 465,
895 4083 915 4144 0
939 4088 1070 4163 πνεῦμα
1093 4075 1257 4143 Καυνικόν
1281 4067 1427 4155 ἐμπεσόν
1449 4066 1483 4144 ἐς

146 4190 257 4269 αδτὰς
283 4229 321 4237 -
348 4209 388 4256 sc.
413 4190 470 4269 τὰς
494 4189 634 4269 ὁλκάδας
649 4227 692 4236 -
714 4190 745 4268 ἐς
763 4189 872 4255 Ῥόδον
896 4185 1077 4274 παρήνεγκε
1088 4185 1123 4264 ³).
1154 4181 1229 4262 584,
1256 4179 1296 4244 14
1320 4180 1375 4244 καὶ
1398 4172 1481 4250 τόδε,

147 4302 189 4367 δν
215 4299 413 4387 τηλικοῦτον,
436 4291 493 4364 οἶα
509 4297 673 4384 πάρεργον
688 4297 743 4364 ἐπὶ
759 4307 797 4384 νῇ
815 4296 962 4383 Γράκχου
979 4293 1091 4360 στάσει
1106 4300 1300 4362 συνέπεσεν,
1323 4282 1483 4349 110110ῐο3

153 4445 270 4456 .-..·--.-—
276 4443 365 4450 -,.

264 4513 284 4579 ι)
302 4509 337 4565 ci.
356 4510 388 4564 de
406 4510 525 4564 articulo.

260 4601 284 4670 ²)
302 4599 335 4654 ci.
355 4599 414 4654 Soh.
432 4616 458 4668 p.
474 4600 531 4652 171.

260 4692 285 4755 9)
304 4688 337 4744 ci.
356 4688 389 4743 de
406 4687 503 4759 ellipsi.
