3440 5238
229 1401 295 1466 Non
318 1399 384 1464 tam
408 1398 445 1463 de
467 1398 659 1462 observata
682 1397 729 1462 vel
745 1398 968 1463 observanda
992 1417 1085 1479 quam
1105 1398 1142 1463 16
1166 1398 1342 1464 servanda
1359 1400 1454 1481 Appi-

120 1509 172 1574 ani
196 1507 363 1572 elocutione
378 1524 470 1588 agam
486 1506 540 1570 boc
556 1505 670 1583 libell03
694 1524 763 1568 nam
781 1525 850 1569 cum
866 1506 968 1570 totum
983 1505 1158 1588 Appianum
1174 1505 1290 1572 ratione
1304 1509 1335 1570 et
1354 1526 1454 1589 gram-

120 1615 238 1679 matica
266 1615 298 1678 et
323 1613 431 1678 critica
460 1613 692 1694 pertractarem,
719 1613 814 1676 moles
841 1613 991 1692 quaedam
1013 1613 1096 1676 mihi
1124 1614 1191 1678 orta
1218 1615 1264 1678 est
1290 1615 1456 1678 observati-

119 1741 215 1786 onum
238 1741 299 1788 non
321 1722 387 1786 tam
409 1721 449 1784 ad
472 1719 607 1802 Appiani
630 1719 845 1801 proprietatem
870 1719 989 1784 dicendi
1004 1719 1225 1801 pertinentium
1245 1740 1336 1802 quam
1357 1721 1456 1802 ipsam

119 1827 210 1893 illam
232 1827 449 1910 proprietatem
474 1825 512 1890 ab
535 1825 694 1890 bominum
717 1825 873 1890 doctorum
898 1825 1078 1891 coniecturis
1109 1824 1336 1891 defendentium
1360 1828 1457 1904 tanta,
1494 1823 1496 1828 ’

5 1939 6 1944 ’
119 1935 159 1997 ut
182 1934 258 1998 mihi
280 1934 507 2017 persuaderem,
536 1932 680 2014 exemplis
708 1931 810 1996 allatis
839 1951 897 1997 non
921 1932 985 1997 sine
1008 1932 1110 1997 fructu
1132 1952 1220 2014 posse
1243 1933 1456 2008 demonstrari,

119 2041 274 2125 quantum
302 2040 418 2107 1116161
447 2038 487 2104 11
517 2039 675 2104 evitandas
704 2058 798 2104 vanas
829 2039 1019 2104 coniecturas
1053 2039 1208 2120 scriptoris
1238 2059 1311 2104 usus
1339 2039 1457 2105 dicendi

119 2149 263 2214 accurate
286 2146 474 2213 observatus.

229 2252 337 2336 Neque
357 2254 461 2318 tamar
483 2251 517 2317 id
531 2250 752 2336 neglegendum
775 2269 840 2316 esse
862 2250 979 2333 putavi,
1004 2252 1040 2315 ut
1056 2270 1091 2316 er
1114 2271 1172 2316 usu
1196 2254 1335 2317 accurate
1357 2254 1458 2318 obser-

119 2363 195 2426 vato
225 2359 342 2443 aliquid
364 2360 446 2425 certe
475 2358 660 2424 redundaret
694 2358 733 2423 ad
764 2358 1012 2426 constituendum
1044 2360 1246 2442 posteriorum
1277 2361 1459 2444 scriptorum

120 2469 308 2534 Graecorum
331 2486 423 2531 usum
445 2451 663 2531 universum.
711 2464 806 2530 Cuius
830 2464 960 2530 aedificii
983 2465 1182 2530 fundamenta
1205 2467 1312 2531 uthis
1335 2466 1458 2531 demum

119 2573 231 2638 diebus
261 2573 427 2655 ponuntur,
455 2571 501 2637 ita
528 2572 566 2636 16
589 2571 723 2654 Appiani
753 2572 919 2637 elocutione
948 2591 1100 2655 perpauca
1127 2574 1247 2637 constat
1274 2574 1371 2638 adhuc
1395 2592 1459 2638 esse

119 2679 335 2745 animadversa
350 2677 399 2760 (cf.
416 2678 484 2744 Sch.
501 2697 531 2760 p.
550 2678 642 2756 172);
666 2697 743 2759 quae
767 2697 821 2744 suo
836 2679 901 2745 loco
917 2679 1173 2754 commemorabo;
1196 2680 1271 2744 item
1288 2679 1361 2760 quid
1377 2679 1460 2760 quis-

119 2806 183 2868 que
205 2785 358 2850 editorum
382 2785 512 2851 aliorum
534 2785 694 2851 hominum
720 2785 878 2850 doctorum
901 2786 1072 2864 coniecerit,
1097 2786 1236 2853 referam.

231 2890 291 2956 Sed
315 2892 494 2974 priusquam
516 2892 555 2956 ad
578 2892 715 2977 singulas
736 2911 785 2957 res
808 2892 984 2958 tractandas
1001 2893 1162 2970 transeam,
1186 2893 1242 2958 boc
1263 2891 1460 2975 premendum

119 2996 202 3062 mibi
222 2997 352 3077 uidetur,
376 3017 472 3081 neque
495 2998 536 3063 de
558 2997 724 3081 Appiano
747 2998 926 3063 Herodoti
950 2999 1178 3082 Thucydidis
1201 2999 1357 3064 aliorum
1379 2999 1460 3063 imi-

120 3105 244 3170 tatore
267 3105 319 3188 (cf.
344 3105 412 3171 Sch.
437 3126 466 3188 p.
492 3106 570 3192 177)
597 3143 633 3152 -
660 3124 716 3188 pro
738 3105 829 3170 huius
852 3105 949 3171 libelli
972 3107 1070 3188 spatio
1086 3131 1129 3152 -’
1153 3125 1202 3169 me
1226 3105 1356 3171 voluisse
1371 3124 1461 3189 agero

120 3229 223 3293 neque
239 3210 515 3294 grammaticam
530 3210 759 3294 Appianeam
782 3211 912 3277 scribere
935 3213 990 3277 aut
1012 3211 1142 3278 valuisse
1166 3213 1221 3276 aut
1243 3211 1385 3285 voluisse3
1410 3211 1461 3276 sed

121 3335 333 3400 quaecumque
356 3321 412 3384 aut
426 3317 560 3400 Appiani
583 3319 730 3401 propria
753 3337 816 3384 esse
833 3320 887 3383 111
903 3320 941 3384 ob
958 3319 1059 3403 ipsam
1074 3319 1291 3401 proprietatem
1316 3338 1374 3384 non
1393 3337 1460 3400 per-

121 3425 263 3508 spectam
286 3425 325 3490 ab
347 3424 521 3490 hominibus
545 3424 640 3490 doctis
664 3426 695 3489 in
718 3425 921 3508 suspicionem
952 3425 1054 3492 vocari
1083 3425 1309 3503 intellexeram,
1340 3425 1462 3491 casola

121 3533 189 3596 fere
211 3532 386 3614 persecutus
409 3530 613 3614 comparando
637 3531 811 3614 explicando
835 3531 1031 3598 condonando
1053 3533 1229 3598 statuebam
1252 3530 1460 3606 defendebam,

121 3636 316 3703 emendando
338 3637 478 3721 denique,
502 3639 529 3703 si
551 3638 674 3704 fortuna
696 3639 827 3719 tulisset,
851 3638 1062 3706 restituebam.

234 3743 323 3810 Talia
345 3745 450 3810 autem
472 3744 592 3828 proprie
614 3745 698 3811 dicta
719 3745 822 3811 inveni
845 3744 878 3810 in
901 3746 954 3824 eis,
978 3764 1057 3827 quae
1079 3746 1266 3829 pertinerent

786 3887 811 3951 I.

238 3992 271 4077 1)
295 3991 335 4058 11
360 4011 466 4079 genus.
500 3992 794 4075 maurinorum.
829 3992 862 4076 3)
887 3993 925 4058 11
952 4011 1050 4059 casus.
1084 3993 1118 4076 4)
1142 3992 1180 4058 11
1203 3993 1316 4077 gradus
1338 4011 1463 4077 compa-
1492 4069 1495 4077 ¹

120 4096 264 4164 rationis.
290 4097 324 4183 5)
347 4098 387 4164 11
409 4099 583 4166 articrdum.
609 4101 642 4183 6)
667 4099 706 4166 11
729 4099 917 4182 pronomina.
944 4101 977 4185 7)
1001 4098 1041 4165 ad
1063 4100 1212 4184 tempora.
1242 4101 1276 4184 8)
1300 4099 1464 4165 1111111-

119 4205 240 4270 tivum.
264 4205 298 4291 9)
322 4205 362 4272 ad
384 4206 591 4291 participium.

778 4331 818 4396 Il.

240 4437 295 4522 10)
318 4437 358 4502 11
380 4437 555 4522 asyndeton.
582 4439 636 4514 11)
659 4436 698 4502 11
714 4437 910 4519 anaphoram.
937 4437 991 4521 12)
1015 4436 1054 4502 11
1076 4435 1209 4522 figuram
1224 4436 1308 4502 κατὰ
1325 4437 1463 4502 σύνεσιν.

120 4543 187 4626 13)
211 4541 252 4606 11
274 4543 404 4627 ellipsin.
431 4543 485 4623 14)
508 4543 546 4608 ad
569 4541 828 4626 anticipationem.
860 4544 914 4629 15)
939 4543 978 4608 11
1000 4543 1224 4611 attractionem.
1256 4541 1310 4627 16)
1334 4541 1463 4606 11111-

112 4646 316 4736 chylogiam.
342 4650 397 4735 17)
421 4650 460 4716 11
482 4649 704 4733 pleonasmum.
731 4649 785 4734 18)
809 4649 849 4714 11
871 4649 1106 4716 anacoluthiam.
