3440 5238
697 380 915 443 ..41-

139 579 180 664 οι*
196 574 357 661 ἀπραξίας
373 574 578 652 ἀπώλλυντο,
602 575 710 659 οἱμὲν
725 575 790 662 πρὸ
810 584 867 641 τοῦ
883 574 987 661 πυράς
1005 575 1145 651 ἑαυτούς
1161 574 1313 661 ἀνηρουν,
1337 574 1468 640 Schwru.

24 687 33 706 ¹
143 699 222 757 „non
240 681 409 763 exspectato
424 680 599 756 inccndi0“;
620 680 658 748 cs.
678 680 752 758 782,
772 681 799 746 1.
818 679 892 756 861,
904 681 957 744 24.
975 680 1157 756 862,16,1.
1175 682 1313 759 987,17.
1332 681 1469 760 87011.

248 784 387 852 Similem
417 787 645 871 brachylogiam
675 786 846 852 invenimus
876 786 908 850 in
937 787 1037 871 μετὰ
1065 806 1143 851 cum
1169 787 1379 854 accusativo
1401 808 1470 852 con·

36 909 40 918 “
138 893 244 958 iuncto
269 893 342 969 743,
368 892 409 959 19
433 895 519 958 ἀνδ
552 893 697 982 ἀπειθῇ,
728 903 830 959 ταῦτα
862 892 1079 977 προστάσσειν
1098 894 1268 982 Ἀντωνίῳ,
1299 898 1354 961 καί
1376 901 1471 980 τρίτῳ

136 998 222 1083 μετά
247 999 306 1065 τὸν
324 998 491 1066 Ἄντώνιον·
511 1003 657 1090 Καληνῷ.
689 1000 765 1076 955,
790 1001 810 1063 2
834 1007 952 1067 κτείνει
975 1000 1033 1067 τόν
1055 1002 1194 1085 λοχαγὸν
1217 1053 1224 1065 .
1244 1053 1251 1068 .
1270 1053 1276 1067 .
1296 1054 1303 1068 .
1327 1002 1411 1086 μετά
1436 1004 1471 1066 δέ·

136 1106 264 1173 ἐκεῖνον
286 1106 413 1172 ’ἑαυτὸν
442 1106 629 1192 ἐπαναιρῶν
659 1103 735 1173 εἶπε
758 1106 846 1189 (Mfc.
872 1106 996 1194 ἐκείνην)
1030 1107 1112 1183 964,
1141 1107 1180 1169 18
1210 1109 1260 1173 ἐπ’
1285 1105 1396 1185 ἀδείας
1422 1107 1469 1186 ἐξ·

137 1214 298 1279 ἔπλευσεν
321 1211 354 1290 ἐς
370 1221 522 1299 Βροῦτον
544 1216 602 1280 καί
622 1211 655 1291 ἐς
672 1217 822 1303 Μίλητον
843 1213 928 1298 μετὰ
946 1221 1097 1301 Βροῦτον
1113 1213 1202 1296 (Mic.
1218 1237 1252 1294 μ.
1270 1221 1312 1278 Β.
1336 1213 1472 1280 ἀποθα-

140 1319 254 1403 νόντα)
287 1317 387 1398 1056,
417 1321 453 1384 10
484 1320 621 1406 ἐγίγνετο
651 1321 711 1408 γάρ
741 1320 780 1408 6η
813 1323 868 1388 καὶ
897 1321 982 1405 μετά
1006 1318 1149 1386 Κάσσιόν
1180 1343 1213 1385 τε
1243 1322 1299 1386 καὶ
1321 1328 1472 1407 Βροῦτον

137 1425 236 1511 ἕτερα
260 1425 407 1513 έμφίλια
431 1428 528 1509 ὅμοια
550 1428 604 1509 (--
622 1427 706 1510 μετά
723 1428 763 1493 τά
780 1435 816 1494 K.
835 1431 891 1494 καὶ
906 1436 946 1493 Β.
965 1425 1124 1515 ἐμφύλια)
1143 1426 1238 1502 1062,
1255 1424 1472 1515 2Ἆθηναίοις

137 1535 166 1596 δ’
191 1532 222 1609 ἐς
246 1531 350 1599 αὐτὸν
374 1529 512 1600 ἐλθοῦσι
534 1533 617 1617 μετὰ
635 1542 743 1624 Τηνον
762 1535 895 1618 Αἴγιναν
917 1533 1016 1600 ἔδωκε
1041 1533 1130 1614 („pr0
1146 1533 1229 1598 Tenc
1245 1530 1397 1616 Aeginam
1420 1531 1472 1596 de-

137 1639 203 1703 dic*
225 1637 368 1718 Sabinu,
392 1638 482 1705 modo
506 1640 666 1720 adiecisset
693 1660 764 1723 „pro
780 1640 862 1705 Tenc
886 1640 949 1705 iam
970 1642 1060 1705 antea
1083 1640 1187 1717 dam,
1211 1637 1312 1716 Μῆτις
1337 1639 1472 1703 ceterum

137 1747 170 1810 in
201 1765 275 1810 ram
304 1765 363 1811 non
393 1745 550 1832 inquisivi)
581 1747 655 1827 215,
680 1747 721 1810 21
755 1748 952 1836 φείσασθαι
981 1750 1043 1832 μέν
1064 1750 1183 1826 θεούς,
1214 1746 1413 1834 φείσασθαι
1437 1747 1472 1811 δὲ

136 1854 222 1937 μετὰ
247 1853 324 1930 τούς
346 1853 450 1932 θεοὺς
460 1854 646 1939 Ῥωμαίους,
669 1853 762 1920 Mrm.
786 1856 870 1938 μετὰ
896 1863 959 1921 τῶν
973 1854 1106 1936 θεῶνῑ),
1129 1853 1167 1919 ef.
1186 1852 1283 1929 llll,
1301 1852 1331 1919 5.
1356 1853 1421 1917 874
1437 1853 1472 1927 5;

21 1957 29 1977 ’
136 1960 176 2023 in
201 1959 268 2026 ἐπὶ
290 1978 370 2024 cum
393 1959 516 2025 dativo
539 1959 698 2026 coniuncto
728 1960 810 2038 422,
836 1961 856 2025 8
876 1961 1081 2050 Ἀλέξανδρος
1109 1963 1171 2046 μὲν
1193 1960 1232 2051 δὴ
1256 1959 1409 2042 βασιλεῦς
1432 1954 1473 2049 ἦν

136 2065 197 2134 ἐπὶ
212 2074 354 2153 Πέρσαις
374 2067 498 2154 Σίρων.
526 2066 621 2144 1021,
641 2068 681 2131 14
706 2067 739 2146 ές
754 2063 854 2135 Αἶνον
876 2066 1036 2156 ἀφίκοντο
1059 2071 1115 2134 καὶ
1131 2067 1187 2135 ἐπὶ
1202 2069 1288 2155 Αἴνῳ
1306 2065 1472 2153 Δόρισκον,

135 2173 214 2238 Mic.
233 2174 264 2250 ἐς
280 2179 328 2251 Δ,
352 2172 384 2238 in
407 2174 503 2260 πρὸς
526 2194 604 2239 cum
628 2175 838 2241 accusativo
861 2174 1020 2264 coniuncto
1043 2175 1137 2256 1128,
1159 2176 1197 2239 18
1215 2173 1232 2240 ὁ
1249 2173 1285 2239 δὲ
1300 2174 1473 2263 Πομπήιος

8 2273 16 2297 '
137 2290 195 2368 τῆς
217 2281 278 2364 μὲν
300 2279 501 2365 αὐτομολίας
517 2291 578 2349 τοῦ
595 2281 810 2372 Μηνοδώρου,
834 2282 1047 2360 ἐπιπλέοντος
1067 2283 1128 2372 ἤδη
1144 2289 1315 2370 Καίσαρος,
1338 2283 1472 2370 ᾔσθετο,

139 2387 221 2474 σρίς
251 2388 287 2453 δέ
318 2387 376 2454 τὸν
405 2389 613 2476 ἑκατέρωθεν
640 2389 805 2456 ἐπίπλουν
833 2389 933 2466 αὐτὸς
962 2389 1023 2474 μὲν
1054 2391 1230 2473 ὑπέμεινεν
1253 2387 1291 2454 έν
1313 2388 1472 2476 Μεσσήνη

135 2496 197 2561 τὸν
219 2502 378 2579 Καίσαρα,
401 2493 433 2559 in
456 2498 496 2562 ἐκ
521 2494 653 2574 1041,4
678 2495 834 2584 ἀνδράσιν
857 2495 1075 2582 ἐπειγομένοις
1100 2497 1165 2564 ὑπὸ
1190 2499 1288 2580 λιμοῦ
1311 2499 1366 2562 καὶ
1389 2495 1472 2560 ἀπο-

135 2601 369 2688 γιγνώσκοσσιν
393 2600 429 2667 ἐκ
453 2612 517 2668 τῶν
540 2603 647 2670 ἄλλων
670 2603 809 2682 ἑαυτούς
833 2604 884 2685 (=
905 2605 1068 2685 postquam
1090 2601 1126 2667 dc
1141 2603 1283 2668 omnibus
1298 2601 1367 2667 aliis
1385 2601 1472 2666 rebus

135 2707 396 2793 desperaverunt),
420 2708 452 2772 in
476 2709 549 2797 πρὸ
577 2709 679 2786 1016,
704 2710 724 2774 5
748 2713 803 2776 καὶ
826 2714 925 2777 τῶνδε
949 2719 1017 2788 τοῖς
1040 2721 1194 2800 πονηροῖς
1217 2708 1369 2801 ἡγεμόνες
1393 2708 1473 2774 εἰσὶν

136 2815 170 2881 οἱ
195 2827 280 2901 τρεῖς
304 2816 433 2901 ἀνδρες,
464 2815 561 2883 αὐτοὶ
583 2817 649 2904 πρὸ
673 2825 738 2884 τῶν
767 2818 875 2884 ’ἄλλων
905 2816 1070 2905 ἀδελφούς
1100 2821 1156 2884 καὶ
1185 2823 1300 2894 θείους
1324 2819 1378 2883 καὶ
1402 2817 1472 2882 ἐπι-

136 2920 281 3008 τρόπους
305 2921 567 3012 προγράψαντες.

252 3027 444 3113 Zeugmass)
468 3028 601 3113 legimus
624 3031 700 3106 221,
724 3031 766 3095 22
791 3033 823 3097 οἱ
845 3033 880 3098 δέ
903 3033 1016 3100 λοιποί
1036 3030 1282 3117 τιτρωσκόμενοι
1304 3032 1360 3096 καὶ
1383 3027 1472 3116 ἐρέσ-

135 3160 251 3214 σοντες
273 3135 432 3223 ἕφθασαν
454 3137 487 3215 ἐς
511 3138 568 3203 τὸν
591 3140 721 3222 λιμένα,
750 3137 788 3204 cf.
812 3139 890 3218 682,
918 3138 957 3202 13
981 3143 1036 3206 καὶ
1059 3139 1118 3204 διῖο
1140 3147 1223 3230 μέρη
1248 3146 1307 3204 τοῦ
1331 3147 1473 3222 στρατοῦ

9 3251 11 3264 ’
133 3247 194 3310 καὶ
218 3242 317 3321 αὐτὸς
341 3245 552 3310 συναπώλετο
576 3244 689 3322 αὐτοῖς
705 3244 736 3310 ελ
751 3245 863 3323 246,6
887 3245 1041 3312 πάντων
1064 3245 1248 3325 ἀσθενεῖς
1271 3251 1326 3313 καί
1341 3246 1472 3332 ἀποροι,

134 3350 184 3416 St.
204 3349 283 3430 1110,
306 3350 449 3430 et1094‚
467 3350 508 3416 25
532 3354 588 3418 καὶ
610 3351 770 3439 πρότερον
793 3357 857 3418 καὶ
879 3365 948 3420 νῦν
970 3353 1147 3443 ἐφρόνησα
1171 3373 1226 3436 pru
1241 3357 1296 3420 καὶ
1312 3353 1472 3440 πρότερον

9 3539 11 3556 Ι
136 3457 310 3547 ἐφρόνησα
334 3461 399 3526 καὶ
420 3466 489 3525 νῦν
509 3467 639 3545 φρονῶ,
662 3459 743 3542 quod
758 3461 909 3542 premitur
924 3461 1034 3526 iterato
1050 3471 1181 3549 φρονῶν
1196 3461 1252 3539 ἔτι,
1277 3479 1370 3541 quare
1385 3456 1471 3524 me.

251 3562 337 3629 Cum
365 3564 632 3648 anticipatione
656 3566 810 3647 quadam
834 3567 1028 3633 coniuncta
1050 3571 1097 3633 esi
1125 3565 1321 3651 brachylogia
1351 3566 1425 3643 857,
1451 3567 1470 3629 2

9 3665 10 3686 ¹
138 3675 222 3759 περὶ
244 3673 279 3738 δὲ
303 3682 367 3739 τῶν
388 3683 453 3739 σῶν
476 3682 600 3762 χρειῶν,
624 3674 785 3741 ἐθέλοντα
808 3684 869 3759 μέν
892 3697 977 3742 σε..
998 3728 1004 3740 .
1027 3680 1243 3743 δανείσασθαι
1264 3673 1409 3766 ἡγούμην
1431 3677 1473 3739 ἀν

133 3777 312 3866 εἰρωνείαν
334 3780 447 3865 λέγειν.
480 3780 556 3858 922,
582 3779 623 3844 10
654 3779 694 3846 τά
718 3805 753 3847 τε
777 3780 908 3867 ἔναγχος
932 3791 1036 3848 ταῦτα
1059 3785 1114 3848 καὶ
1136 3780 1312 3871 Πομπήιον
1335 3780 1472 3865 Μάγνον

132 3887 331 3962 αὐτοῖςκαὶ
354 3888 562 3968 Δολοβέλλαν
584 3887 777 3976 προύφερον
808 3886 858 3971 (cf.
885 3889 959 3968 640,
983 3887 1016 3971 5)
1048 3888 1122 3966 991,
1149 3888 1186 3952 11
1220 3888 1302 3975 πρὸς
1327 3890 1363 3954 σὲ
1387 3883 1471 3953 (1ὲῶ

137 3992 266 4060 Κάσσιε
287 3995 346 4059 καί
368 3993 464 4070 αἰδώς
488 4019 533 4072 τις
557 3993 642 4062 ἔστιν
666 3994 829 4084 ἐξαίρετος
853 3994 885 4074 ἔς
908 3993 1020 4085 τετήν
1035 3995 1132 4062 πόλιν
1148 4046 1155 4060 .
1174 4047 1180 4060 .
1199 4045 1220 4069 .,
1244 3992 1372 4061 Sohwfc.
1390 3994 1471 4076 πρὸς

134 4108 212 4174 σοῦ,
236 4097 309 4164 Mic.
337 4098 432 4177 1052,
461 4100 501 4163 14
526 4100 604 4183 (Μυ.
622 4100 658 4168 Β.
684 4100 781 4167 Schw.
799 4100 890 4177 uso„
915 4100 953 4167 cf.
978 4102 1070 4166 eiiam
1098 4101 1194 4178 1055,
1219 4101 1286 4185 26).
1318 4101 1393 4178 454,
1424 4102 1469 4164 16.

132 4204 216 4284 242,
240 4204 290 4271 17.
316 4205 390 4283 726,
410 4206 461 4271 19.
488 4206 585 4284 1181,
602 4208 632 4273 4.

247 4311 322 4378 Jam
344 4314 463 4380 restani
484 4314 744 4399 brachylogiaa
766 4315 833 4380 iam
856 4314 991 4392 variae,
1017 4316 1157 4381 uicaria
1179 4316 1246 4399 laga
1265 4312 1470 4380 circumscribi

128 4439 200 4486 non
223 4419 353 4502 possint,
376 4422 515 4504 exempla
538 4421 627 4488 haec:

248 4559 272 4632 1)
292 4559 326 4616 ci
345 4559 377 4616 dc
395 4561 482 4633 pleon.
501 4562 534 4617 ud
554 4563 613 4627 625,
630 4564 670 4620 15.

247 4648 270 4719 ²)
288 4648 322 4705 cf.
340 4648 374 4703 Κ.
393 4651 475 4720 §597
488 4669 508 4706 s.
