3440 5238
715 395 912 458 ..5-

147 591 186 659 af.
212 591 286 665 571,
310 591 367 676 24)
390 590 469 667 946,
494 587 529 667 3,
553 589 574 653 4
598 591 653 674 (ὥς
676 592 732 657 καὶ
755 598 818 656 τῶν
840 585 976 653 ὑπάτων
999 587 1088 666 τινὰς
1111 585 1144 665 ἐς
1167 587 1224 664 τὰς
1248 589 1400 675 φυλακᾶς
1424 589 1475 672 ἐμ·

145 701 278 783 βαλεῖν,
301 697 375 763 Mfc.
400 697 433 774 ἐς
456 697 515 785 τὴν
538 696 702 786 φυλακήν)
729 697 804 775 308,
829 695 869 758 17
894 697 1045 772 (τοσοίδε
1069 702 1226 779 στρατοῦ,
1248 693 1331 781 μήτε
1353 695 1479 783 ἡμέραν

146 809 351 882 ἐκλείποντος
381 804 437 871 ἐπὶ
460 814 526 882 τοῖς
551 803 652 890 ἔργοις
675 802 758 890 μήτε
786 801 902 876 νύκτα,
933 799 1006 866 Mla.
1039 799 1095 867 ἐπί
1123 810 1168 888 τῷ
1198 799 1301 889 ἔργῳ).
1329 839 1369 848 -
1394 803 1478 884 Quae

146 915 250 978 tamen
273 911 381 976 divisio
404 928 463 975 non
487 910 533 975 ita
555 912 602 975 est
625 929 744 987 severa,
775 910 812 973 ut
834 907 956 993 singula
986 926 1099 992 genera
1121 907 1253 973 locorum
1278 926 1338 972 non
1360 908 1479 992 possint

146 1019 260 1102 partim
281 1018 362 1083 inter
385 1036 417 1082 se
438 1017 569 1082 misceri.
597 1055 635 1063 -
1363 1005 1368 1014 ’

252 1125 324 1189 Jam
356 1123 520 1190 adnotandi
552 1127 625 1189 sunt
654 1123 712 1190 loci
737 1124 819 1201 687,
843 1125 886 1189 23
910 1128 986 1199 (τῶν
1009 1121 1120 1213 δήμων
1148 1120 1203 1188 ἀεὶ
1227 1122 1303 1200 τοδς
1326 1123 1478 1211 δαψιλεῖς

147 1231 376 1306 ἐπαινούντων,
400 1228 474 1295 Mfc.
492 1231 653 1316 δημοτῶν)
668 1230 743 1308 841,
761 1231 781 1293 3
799 1228 870 1313 (τὰς
893 1228 996 1314 ἀρχὰς
1012 1228 1164 1295 ε’κὲλενον
1179 1267 1219 1276 -
1239 1265 1276 1276 -
1297 1229 1354 1295 τὸν
1367 1229 1480 1313 βωμὸν

147 1337 301 1417 ἐκθεοῦν)
326 1337 401 1414 672,
427 1336 446 1400 5
470 1338 581 1425 (δῆμοι
603 1342 635 1401 et
657 1336 778 1423 ἀρχαὶ),
801 1335 855 1400 ubi
878 1333 1002 1401 nomina
1025 1335 1130 1400 extant
1152 1331 1236 1400 haud
1260 1324 1454 1418 abstracta1).

254 1441 403 1530 ἑκάτεροι
426 1444 531 1508 autem
553 1442 687 1528 legimus
710 1461 768 1508 non
792 1442 830 1508 de
853 1441 1036 1507 factionibus
1059 1440 1111 1506 sed
1135 1440 1173 1506 de
1195 1439 1325 1525 singulis
1348 1440 1478 1506 homini·

145 1550 202 1615 bus
225 1549 397 1614 adhibitum
423 1548 590 1627 1107,19.
614 1549 758 1628 98812.
784 1548 938 1628 1096,17
964 1547 1087 1630 (quibus
1109 1545 1183 1613 locis
1199 1545 1287 1629 Mic.)
1312 1548 1407 1626 1142,
1424 1547 1476 1615 24.

148 1658 244 1734 1161,
263 1657 314 1733 15,
339 1654 472 1735 ἕκαστος
494 1656 609 1739 plurali
631 1675 758 1722 numero
784 1657 903 1736 137,1.
928 1654 981 1729 26,
1000 1655 1051 1718 16.
1076 1653 1129 1731 94,
1153 1654 1194 1719 10
1217 1655 1290 1730 cet,
1314 1657 1400 1737 ἅπερ
1424 1672 1478 1737 pro

146 1767 229 1850 ὅπερ
262 1763 357 1847 (quod
386 1762 538 1829 referatur
567 1763 606 1828 ad
634 1763 735 1846 totum
767 1762 975 1847 enuntiatum)
1004 1760 1136 1846 legimus
1167 1760 1247 1841 158,
1276 1763 1318 1826 24
1347 1759 1477 1844 (Mfm.)‚

147 1881 251 1938 ταῦτα
282 1889 335 1954 pro
365 1869 465 1937 ταιίτό
498 1869 579 1947 743,
606 1870 646 1934 18
671 1869 788 1954 (Mla),
818 1888 873 1952 pro
897 1877 994 1935 τοῦτο
1026 1868 1108 1945 715,
1133 1868 1152 1932 5
1177 1867 1227 1951 (B.
1252 1865 1372 1950 Mirm),
1400 1865 1478 1934 τάδε

145 1997 201 2061 pro
225 1977 300 2043 τόδε
324 1977 406 2054 882,
431 1977 451 2040 3
475 1976 506 2041 et
529 1975 610 2056 851,
637 1975 676 2042 18
701 1976 826 2060 (quibus
848 1975 922 2042 locis
945 1973 1038 2052 Mic..
1068 1975 1146 2053 336,
1172 1974 1213 2039 19
1236 1973 1360 2056 urm),
1391 1972 1477 2040 αὐτοὶ

145 2104 200 2168 pro
230 2083 312 2150 atet
345 2083 635 2164 811,13(Μ10.);
667 2082 752 2148 verbi
780 2081 861 2147 finiti
889 2081 1017 2164 pluralis
1048 2081 1086 2146 ad
1116 2083 1205 2148 ’ὅπλα
1234 2080 1408 2148 referendus
1432 2083 1479 2146 cst

145 2191 228 2270 555,
253 2191 273 2255 9
298 2189 427 2272 (Mrma
454 2227 491 2237 —
518 2188 557 2254 cf.
582 2188 665 2268 404,
689 2191 731 2254 27
755 2190 787 2253 ct
809 2188 865 2254 ΚΥ.
890 2189 908 2272 §
929 2189 988 2265 44,
1012 2188 1033 2252 4
1061 2188 1091 2253 et
1113 2187 1245 2253 Kaellrer
1267 2212 1297 2274 p.
1322 2189 1409 2271 264).
1434 2225 1477 2236 -

145 2297 221 2378 399,
248 2297 288 2360 18
312 2297 417 2362 autem
442 2295 575 2384 α’φὲσεις
599 2315 671 2361 cum
692 2314 722 2362 v.
746 2295 787 2360 H.
812 2294 995 2361 mutaverim
1020 2295 1053 2360 in
1076 2294 1233 2383 ἀφέσεως.
1260 2331 1300 2340 -

253 2403 485 2488 Singularem
517 2422 586 2469 vcro
616 2401 763 2486 praetulit
785 2401 823 2466 Α.
847 2401 881 2466 in
909 2401 1113 2468 locutionibus
1143 2403 1194 2469 διὰ
1219 2408 1357 2488 βραχέος
1384 2405 1416 2469 et
1439 2405 1477 2469 δι’

145 2511 256 2596 ὀλίγον
282 2509 425 2588 37610.
452 2509 527 2588 495,
543 2509 597 2577 21.
622 2509 696 2587 889,
714 2508 757 2573 22
782 2508 832 2591 (cf.
858 2510 970 2588 206,7
996 2508 1032 2575 ἐκ
1053 2508 1206 2593 βραχέος)
1231 2509 1305 2588 881,
1332 2512 1372 2576 10
1397 2511 1479 2594 (qul-

145 2619 204 2682 bus
225 2616 300 2683 locis
321 2616 411 2701 Mfo.)
435 2617 467 2682 et
489 2616 522 2682 ἐν
546 2616 641 2704 ὀλίγῳ
665 2615 741 2696 417,
766 2615 806 2680 11
832 2614 946 2700 (Schrs.
972 2616 1079 2681 contra
1100 2634 1128 2680 v.
1145 2615 1202 2700 H.)
1225 2619 1256 2681 ot
1280 2616 1310 2680 in
1333 2619 1479 2685 vocabulo

147 2724 253 2802 πολίς
278 2724 352 2803 756,
377 2725 417 2789 21
444 2723 558 2808 (Mic),
583 2723 657 2800 959,
683 2723 735 2790 22.
761 2724 835 2801 963,
863 2722 914 2788 17.
942 2723 1016 2802 270,
1042 2722 1083 2788 10
1108 2721 1159 2805 (cf.
1185 2723 1328 2800 17816.
1354 2723 1429 2802 356,
1446 2726 1478 2792 3.

148 2831 225 2907 693,
245 2832 300 2915 12)
327 2831 421 2908 1035,
439 2831 469 2896 7.
515 2830 575 2896 Pro
599 2839 662 2897 τῶν
684 2839 876 2916 γιγνομὲνων
898 2829 1030 2914 legimus
1053 2838 1112 2896 τοῦ
1135 2839 1320 2916 γιγνομένου
1347 2831 1475 2911 199,11

146 2937 198 3018 (ci.
223 2936 308 3004 Stich
331 2956 359 3020 p.
380 2936 465 3022 151).
1115 3011 1117 3022 .

255 3043 383 3128 Saepius
398 3043 527 3126 donique
549 3043 734 3111 nominum
758 3043 1076 3128 pronominumque
1099 3043 1303 3129 singularis
1326 3045 1478 3130 extatpro

145 3151 274 3234 plurali:
305 3152 385 3231 618,
410 3153 452 3216 14
476 3152 570 3238 (μετᾰ
596 3162 693 3218 τοῦτο
721 3171 775 3235 pro
797 3153 880 3237 μετοῖ
906 3153 1023 3235 ταῦτα)
1047 3152 1129 3231 598,
1162 3152 1203 3216 18
1227 3152 1342 3237 (νόμου
1366 3153 1476 3245 εὀηχή·

145 3281 236 3325 σεσιν
258 3276 312 3342 pro
335 3259 442 3343 νόμων
466 3258 663 3349 ἕσηγήσεσιν)
686 3259 761 3337 686,
786 3262 805 3325 8
830 3258 1004 3344 (μεθίεσαν
1026 3258 1084 3325 τὸν
1105 3259 1246 3345 στρατὸν
1266 3278 1321 3343 pro
1343 3286 1376 3346 μ.
1402 3261 1478 3340 τούς

145 3365 319 3452 στρατοιῐς)
344 3366 417 3442 710,
445 3368 485 3433 10
510 3365 607 3450 (μετὰ
631 3375 729 3433 τοῦτο
752 3385 806 3448 pro
828 3366 913 3451 μετὰ
937 3366 1055 3450 ταῦτα)
1081 3366 1161 3444 736,
1187 3368 1225 3431 ll
1252 3367 1283 3449 (ὁ
1307 3369 1362 3434 καί
1384 3369 1477 3455 ἡμεῖς

144 3472 392 3558 ἐνθυμούμενοι
414 3492 468 3556 pro
491 3474 514 3540 ἃ
537 3501 565 3539 κ.
590 3474 620 3562 ἡ.
646 3473 733 3556 ε’νθ)
757 3474 835 3550 800,
861 3473 881 3536 3
911 3472 943 3556 (ὃ
966 3471 1095 3557 ἔμαθεν
1116 3491 1171 3556 pro
1193 3471 1216 3538 ἃ
1239 3471 1304 3556 ip.)
1330 3475 1409 3552 737,
1436 3475 1476 3539 10

144 3579 218 3662 (ἐπὶ
241 3581 278 3647 δὲ
301 3581 405 3668 τούτῳ
428 3599 483 3664 pro
506 3579 563 3647 ἐπὶ
586 3581 621 3646 δὲ
638 3578 776 3664 τούτοις)
793 3580 867 3657 972,
886 3580 925 3644 12
942 3577 1012 3662 (ἵνα
1026 3580 1071 3669 μὴ
1088 3585 1248 3670 γνωσθείη
1264 3580 1348 3666 πρὸς
1362 3582 1475 3667 ἑτέρου

144 3705 202 3768 pro
230 3689 252 3753 ί.
280 3712 315 3772 μ.
345 3715 372 3774 γ.
396 3715 430 3755 π.
459 3688 590 3773 ἑτέρων)
620 3687 699 3765 575,
728 3687 767 3751 ll
799 3686 848 3770 (ἐκ
877 3689 1024 3771 πολέμου
1055 3693 1108 3780 {ligr
1138 3695 1327 3771 κατέχοντες
1357 3707 1411 3771 pro
1441 3687 1477 3756 ix

144 3796 300 3877 πολέμων
328 3801 359 3879 β.
383 3797 426 3881 κ.)
451 3796 533 3871 996,
562 3794 600 3859 18
631 3793 685 3877 (ὥς
715 3793 771 3862 ἐπὶ
800 3793 986 3881 δοριαλώτῳ
1016 3812 1070 3875 pro
1099 3794 1142 3870 ὥς
1172 3793 1227 3860 ἐπὶ
1257 3795 1476 3881 δοριαλώτοις)
1514 3804 1516 3812 ’

143 3901 221 3978 458,
249 3903 289 3965 13
312 3904 484 3988 (πολεμίου
509 3901 701 3990 σφάλματος
723 3920 777 3984 pro
801 3903 967 3985 πολεμίων
989 3900 1061 3990 σφ.)
1085 3900 1160 3976 532,
1186 3900 1226 3962 12
1252 3898 1477 3986 (ἐπαιρόμενοι

147 4045 185 4054 -
205 4007 273 4074 6πό
290 4018 350 4074 τοῦ
364 4013 499 4094 κέρδους
514 4028 568 4092 pro
584 4009 636 4076 ἐπ.
655 4047 695 4056 -
713 4010 780 4075 ont
798 4019 862 4075 τῶν
876 4008 1028 4094 κερδῶν),
1052 4006 1221 4090 0110010000
1236 4025 1255 4071 a
1270 4006 1314 4072 M.
1338 4007 1370 4072 in
1386 4008 1477 4074 dulli-

143 4113 296 4180 tationem
320 4117 442 4181 vocatos
464 4130 518 4198 pro
540 4115 675 4200 Appiani
697 4115 903 4181 inconstantia
932 4114 1095 4182 mutandos
1119 4131 1183 4180 esec
1205 4114 1393 4198 negaverim
1424 4135 1475 4182 ao-

142 4220 259 4288 cadunt
274 4221 332 4288 loci
352 4222 446 4301 1067,
463 4223 483 4286 2
507 4226 539 4287 et
554 4224 606 4301 30,
623 4224 675 4302 22,
699 4223 753 4288 ubi
768 4221 854 4303 Nlo.;
878 4221 1057 4287 retinuerim
1073 4220 1168 4287 otiam
1183 4220 1258 4298 623,
1276 4222 1297 4286 3
1313 4223 1477 4310 (φρουρὰν

140 4328 230 4394 κατὰ
254 4336 353 4414 μέρος
376 4316 553 4417 ἐπιστήσας
573 4348 627 4412 pro
651 4330 800 4417 φρουρὰς
822 4357 850 4395 κ.
875 4355 908 4415 μ.
933 4329 969 4405 εἷ,
993 4327 1097 4413 lifol.
1124 4325 1176 4392 ubi
1200 4325 1404 4412 singularis
1426 4348 1476 4395 ex-

140 4434 278 4520 plicetur
301 4435 483 4501 attractione
506 4435 649 4518 quadam‚
674 4455 744 4501 cum
767 4436 851 4503 κατὰ
873 4445 971 4522 μέρος
995 4434 1148 4518 significet
1170 4433 1339 4519 singulas
1361 4438 1473 4519 partes.
1531 4447 1534 4455 '

142 4578 355 4590 ——u-——a

254 4645 277 4716 l)
294 4643 329 4700 of.
346 4643 379 4701 (ie
396 4645 487 4717 signif.
505 4612 578 4704 verb.
