3440 5238
811 406 1032 471 ...46-

361 604 456 682 1047,
475 600 515 664 15
533 601 610 680 τούς
626 601 662 668 δὲ
678 599 851 689 ἀπατήσας
867 593 929 668 ὧδέ
946 621 997 666 σοι
1012 599 1157 686 πάρειμι,
1182 597 1285 665 Oobfe.
1303 600 1368 676 ὅδε,
1385 597 1423 664 es.
1442 599 1518 675 692,
1536 597 1588 680 4¹)
1689 585 1715 690 ,¹

254 713 343 795 (Mrs.
368 712 472 776 eontra
495 707 643 793 smum)

165 805 168 812 ⁵
361 820 434 896 601,
454 817 493 881 13
518 815 558 882 ori
573 814 702 899 θαμινά
721 814 855 902 προϊάνς
878 813 945 880 ἀλλ’
964 813 1057 881 ἔνδον
1073 813 1108 880 έν
1123 813 1354 900 περιπάτῳ...
1381 815 1588 902 χρηματίζων,

254 926 325 992 Nfd.
351 924 451 991 ἔνδον.

362 1033 435 1110 140,
452 1031 495 1095 26
519 1032 809 1104 κακοπαθοῦντες
834 1025 868 1102 ἔς
891 1024 1023 1092 τοσόνδε
1045 1033 1176 1100 κακοῦ,
1200 1024 1275 1090 MrS.
1300 1026 1406 1091 contra
1429 1025 1465 1092 R.

362 1140 435 1217 805,
454 1137 495 1203 15
519 1141 586 1203 δέει
609 1144 669 1200 τοῦ
691 1135 736 1224 μὴ
749 1183 756 1199 .
768 1185 775 1199 .
789 1184 816 1200 ..
841 1134 1116 1222 πεπολεμηκέναι.

363 1247 458 1324 1082,
476 1246 496 1309 9
520 1249 751 1328 νομιμωτέραν.
768 1241 873 1330 ἀρχὴν
895 1238 1103 1326 παρανόμου,
1127 1237 1229 1305 11111

361 1354 474 1432 4884
498 1353 610 1418 τέλεον
633 1350 669 1416 τὸ
695 1348 788 1438 ἔργον
810 1350 1014 1439 ἐξετελέσθη.
1036 1346 1122 1425 nso,
1147 1346 1185 1414 cf.

365 1460 460 1538 1089,
480 1458 547 1535 6,7
573 1457 610 1523 τὸ
640 1457 730 1534 τέλος
755 1453 910 1522 ἐτελεύτα
922 1455 948 1538 ⁸)
971 1455 1004 1519 et
1026 1455 1102 1533 530,
1119 1455 1160 1519 27
1192 1453 1224 1532 ἔς
1253 1453 1351 1521 οὐδὲν
1378 1458 1535 1538 βέβαιον,
1556 1502 1588 1517 ..
1716 1451 1717 1454 “

255 1568 346 1644 τέλος
369 1565 488 1655 ἔληξεν,
512 1563 587 1629 Μ10.

363 1674 437 1749 948,
456 1671 494 1735 11
521 1670 697 1756 ἐγείροντες
720 1668 790 1734 άπὸ
813 1679 875 1734 τοῦ
897 1670 1014 1744 ὕπνου,
1038 1667 1111 1732 Mfo.

366 1777 497 1858 152,18
523 1779 556 1843 οἱ
577 1775 606 1842 δ’
630 1775 666 1842 ἔν
688 1777 780 1842 ἄστει
798 1775 958 1859 Ῥωμαῖοι,
981 1773 1054 1840 Nfd.

361 1887 436 1953 Jam
458 1884 555 1951 restat
577 1883 679 1948 locus
704 1881 825 1960 172,1,
850 1880 888 1948 de
910 1901 971 1965 quo
993 1880 1096 1964 panlio
1119 1880 1218 1945 dinam
1242 1880 1428 1946 accuratius:
1708 1941 1718 1966 ,

363 1991 480 2058 Seno}
502 1991 598 2076 igitur
624 1989 657 2053 in
685 1989 785 2054 verbis
810 1988 851 2066 ὥς
874 1992 916 2055 av
939 1987 972 2066 ές
995 1996 1168 2080 κυνηγέτας
1191 1986 1330 2069 offendit,
1360 1990 1453 2073 quod,
1480 2009 1590 2073 quam·
1717 1973 1718 1980 λ

256 2119 347 2182 quem
370 2100 497 2164 verbum
520 2096 686 2173 σκευάζειν
708 2096 833 2178 peropto
855 2094 1090 2178 coniungeretur
1113 2114 1182 2159 oum
1198 2094 1420 2177 praepositione
1445 2095 1477 2174 ές
1493 2097 1592 2178 (velut

256 2194 474 2286 972,1o,1o.
501 2203 646 2280 967,12,
671 2202 709 2268 ef.
734 2201 827 2266 etiam
853 2201 964 2280 61,16
988 2203 1020 2266 et
1043 2202 1118 2279 201,
1137 2201 1192 2285 18)
1215 2203 1258 2280 οἱς
1281 2207 1323 2268 άν
1338 2202 1370 2280 ές
1385 2205 1539 2270 vereretur
1554 2205 1592 2270 ut

254 2314 326 2380 ferri
355 2315 471 2395 posset;
501 2308 719 2394 proposuitque
749 2308 922 2391 comparato
952 2308 1017 2373 loeo
1049 2307 1203 2388 973,12,
1232 2309 1286 2374 ubi
1315 2311 1483 2388 σκευάζειν
1508 2310 1592 2377 ooni-
1695 2279 1719 2370 vi

255 2421 382 2484 unotum
406 2418 520 2502 legitur
535 2437 606 2482 oum
621 2417 665 2495 άς
681 2415 730 2494 (ef.
749 2416 822 2492 860,
842 2415 870 2480 1.
896 2416 970 2492 330,
990 2415 1023 2499 2)
1046 2416 1190 2496 sequente
1206 2417 1379 2483 aeousatim
1394 2456 1437 2465 —
1454 2419 1590 2484 ceterum

256 2527 350 2593 miror
373 2525 452 2609 quod
476 2524 581 2590 eodem
603 2523 668 2588 loco
692 2522 773 2588 idem
798 2520 911 2600 Schw.‚
935 2521 975 2586 Π.
999 2541 1029 2603 p.
1055 2521 1130 2601 591,
1153 2541 1181 2587 v.
1199 2522 1240 2586 26
1265 2523 1345 2602 adn,
1371 2525 1528 2608 amplexus
1544 2529 1594 2590 est

257 2633 289 2712 ἐς
307 2632 398 2717 (quod
414 2630 530 2714 reoepit
544 2630 604 2713 Μ.)
618 2668 656 2678 -
669 2628 862 2695 scribendum
873 2647 937 2694 esso
949 2630 1067 2696 ὡσανεὶ
1082 2638 1269 2720 κυνηγέτας;
1286 2631 1460 2712 quatamen
1476 2632 1593 2698 eoniee-

256 2741 341 2818 tura,
365 2738 503 2820 quamvis
527 2737 627 2802 lenem
651 2738 800 2803 statueret
822 2735 1040 2818 corruptelam,
1064 2754 1169 2800 veram
1192 2738 1395 2820 corruptelam
1419 2737 1516 2804 editor
1539 2739 1595 2805 ille

256 2846 333 2911 mihi
349 2865 409 2911 non
431 2844 553 2910 videtur
575 2843 785 2927 investigasse.
825 2843 869 2907 Μ.
886 2844 989 2908 autem
1005 2862 1076 2908 oum
1091 2842 1172 2908 delet
1194 2845 1237 2922 άς
1254 2847 1304 2922 oio,
1329 2846 1491 2911 violentius
1513 2847 1596 2912 mihi

256 2952 376 3018 videtur
391 2949 560 3034 procedere.
585 2949 798 3033 Corruptelam
807 2948 904 3034 igitur
918 2950 1014 3015 latere
1028 2968 1065 3015 ne
1080 2969 1136 3034 ego
1150 2950 1274 3033 quidem
1289 2953 1478 3036 negaverim3
1493 2973 1596 3035 neque

256 3060 338 3126 enim
361 3059 459 3124 faeere
474 3077 609 3141 possum,
633 3057 783 3139 quintal,
807 3057 891 3140 quali
906 3057 1079 3121 turbetur
1101 3058 1300 3137 sententia,
1324 3059 1405 3125 huno
1428 3061 1529 3126 looum
1544 3060 1596 3126 la-

255 3169 362 3233 borare
377 3166 508 3230 iudicem
524 3165 711 3248 pleonasmo;
731 3165 912 3248 praesertim
927 3183 998 3229 oum
1013 3163 1115 3245 ipsum
1132 3168 1173 3231 άν
1187 3165 1228 3231 sit
1242 3167 1436 3249 pleonasmus
1452 3168 1598 3249 quamvis

256 3273 434 3341 tolerabilis.
480 3271 562 3336 Nam
579 3273 661 3336 reete
676 3289 711 3336 ea
726 3290 802 3354 quae
818 3271 981 3337 traduntur
996 3270 1198 3354 interpretato
1214 3272 1276 3338 alia
1297 3273 1376 3337 mihi
1397 3293 1457 3340 non
1471 3274 1598 3340 videtur

258 3380 383 3446 evadere
399 3378 548 3444 sententia
564 3378 624 3444 nisi
638 3379 727 3443 haee:
756 3376 875 3457 ,induti
890 3377 976 3442 erant
991 3378 1074 3442 veste
1088 3377 1156 3455 tali,
1172 3380 1209 3443 ut
1223 3380 1380 3446 venatores
1395 3379 1491 3445 uideri
1506 3379 1597 3446 vide-

256 3487 395 3552 rentur“.
441 3484 522 3551 Puto
538 3485 650 3562 autem,
675 3483 860 3568 Appianum,
885 3483 911 3549 si
934 3485 1099 3562 σκευάζειν
1114 3485 1296 3551 vocabulum
1314 3485 1538 3553 constructione
1552 3488 1597 3553 ab

256 3594 322 3677 ipso
343 3592 458 3658 usitata
473 3593 530 3656 hoo
552 3609 671 3673 quoque
693 3591 758 3657 looo
780 3590 827 3656 ita
840 3590 987 3657 voluisset
1008 3610 1165 3675 usurpare,
1188 3592 1224 3656 ut
1247 3613 1315 3658 cum
1333 3611 1476 3675 personae
1499 3611 1597 3674 quam
1719 3578 1720 3583 ¹

257 3700 387 3766 dicimus
404 3697 575 3764 accusativo
585 3697 780 3763 coniunctum
790 3697 978 3782 significaret
991 3700 1092 3777 „vesto
1101 3698 1210 3764 induta
1219 3720 1251 3766 se
1260 3699 1293 3765 in
1303 3700 1436 3782 aliquem
1449 3701 1593 3766 mutare‘

256 3808 304 3874 vel
317 3809 417 3887 „veste
426 3807 549 3870 mutata
558 3804 689 3889 speeiem
706 3804 1016 3886 alicuiuspraebere“‚
1034 3805 1188 3871 dioturum
1197 3806 1356 3872 fuisseant
1371 3806 1402 3885 ές
1419 3815 1598 3898 κυνηγέτας

200 3968 202 3974 ,
257 3915 323 3982 ἐσκ.
347 3915 400 3978 aut
415 3914 459 3992 ὥς
474 3922 648 4003 κυνηγέτας
664 3915 736 3990 ἐσκ,
760 3929 837 3994 quae
853 3927 923 3976 cum
939 3911 1074 3991 dixisset,
1097 3913 1221 3978 etiamsi
1240 3913 1394 3980 omisisset
1409 3913 1597 3980 vocabulum

258 4024 307 4100 oio,
323 4020 423 4087 neseio
433 4040 472 4085 an
479 4018 606 4085 fallendi
615 4018 779 4099 notionem,
795 4037 874 4102 quae
883 4017 933 4084 hio
942 4019 1116 4103 requiritur,
1130 4019 1207 4106 satis
1218 4020 1422 4104 expressisset.
1439 4020 1598 4087 Neutrum

365 4234 388 4303 1)
408 4231 442 4285 of.
462 4232 494 4287 de
511 4230 643 4301 particula
661 4223 710 4286 ὦδε
728 4229 763 4286 nd
781 4229 823 4295 14,
842 4231 859 4284 9
880 4230 927 4299 „do
946 4229 1198 4286 coniunctionibus!

364 4323 387 4393 2)
407 4321 530 4376 Ceterum
548 4320 634 4375 nescio
647 4336 680 4374 an
695 4320 766 4374 locus
786 4319 863 4385 1069,
878 4320 911 4373 21
933 4318 1030 4391 (καὶτὸ
1045 4325 1092 4388 μὲν
1110 4320 1138 4376 ἔν
1156 4319 1189 4393 τῷ
1207 4320 1313 4394 θεάτρῳ
1330 4321 1472 4394 γενόμενον
1489 4321 1600 4380 τοιόνδε

258 4403 298 4495 ἦν,
316 4416 466 4484 κεκλημένοι
485 4411 508 4465 δ’
528 4410 570 4466 ἔπί
588 4415 693 4482 νέμησιν
714 4409 775 4466 τότε
798 4408 844 4482 γης
863 4409 889 4474 ἔς
906 4409 935 4464 τὸ
956 4415 1047 4466 πεδίον
1065 4410 1095 4465 τὸ
1111 4409 1207 4481 Ἄρειον
1229 4409 1281 4465 ὑπὸ
1300 4410 1419 4483 [σπουδῆς
1442 4413 1479 4467 ἔτι
1501 4413 1600 4479 νυκτὸς

257 4499 391 4572 ἀφίκοιτο)
412 4500 501 4555 sanari
524 4499 608 4570 possit
632 4499 758 4554 collocato
780 4498 842 4556 τότε
859 4501 921 4569 post
938 4498 997 4571 γῆς,
1019 4499 1173 4568 praesertim
1197 4515 1257 4553 eum
1275 4501 1420 4568 sequantur
1442 4498 1522 4555 uerba
1540 4500 1597 4558 ene

258 4589 373 4658 σπονδῆς
390 4592 437 4645 ἔτι
455 4589 576 4655 νυκτός,
595 4605 662 4658 quae
680 4589 845 4659 premuntur.

365 4679 389 4747 Β)
407 4677 441 4732 of.
460 4677 492 4732 de
510 4677 554 4747 fig.
574 4676 679 4749 etymol.
