3438 5228
694 399 909 464 ..57-

237 588 304 656 Non
322 591 420 677 magis
437 591 578 658 mutandi
598 593 670 657 sunt
685 592 752 672 loci,
777 593 888 676 quibus
905 619 948 672 τε,
974 595 1012 658 ab
1028 593 1118 658 initio
1134 592 1279 676 positum,
1303 612 1392 658 nsum
1410 612 1468 656 non

25 695 32 716 ⁶
128 696 306 780 respicienti
334 697 476 764 videatur
503 717 567 764 esse
597 699 781 765 mutandum
808 700 842 764 in
865 701 917 778 δὲ,
941 700 979 765 cf.
1007 699 1122 780 172,2
1147 699 1274 784 κάπρον
1298 724 1333 765 τε
1356 699 1470 776 αὐτοῖς

129 802 191 870 ἐπὶ
215 803 318 880 ξύλων
343 805 474 884 ἐπιθείς
499 799 556 896 ἧκε
580 806 694 886 νυκτὸς
718 807 773 874 ἐπὶ
797 808 854 884 τοὶς
878 808 996 885 πύλας.

244 910 313 989 137,
330 912 372 976 22
390 914 474 978 οὕτω
490 912 552 996 μὲν
567 913 585 980 c‘
602 921 748 980 Σκιπίων
763 916 819 981 ὅδε
834 923 970 999 πρῶτος,
988 914 1031 992 ὥς
1046 913 1120 998 ἐμοὶ
1136 917 1234 989 δοκεῖ,
1258 920 1471 999 περιετείχισε

129 1017 232 1084 πόλιν
254 1015 293 1084 ού
317 1029 588 1106 φυγομαχοῦσαν.
614 1019 671 1086 τόν
695 1046 729 1087 τε
753 1021 872 1106 Δύριον
894 1021 1046 1105 ποταμόν
1056 1071 1162 1096 ......
1187 1023 1295 1098 ζεῦξαι
1321 1019 1383 1104 μὲν
1411 1018 1471 1084 cria

19 1195 36 1221 b
128 1122 277 1200 ἐδύνατο,
301 1125 377 1191 Mrs.
394 1126 499 1192 contra
515 1125 622 1207 Schts,
645 1127 684 1196 ci.
702 1126 818 1195 Schw.¹
834 1149 862 1212 p.
879 1129 952 1195 321.
975 1167 1009 1176 -
1027 1129 1103 1204 453,
1115 1128 1158 1190 20
1183 1126 1205 1190 ἃ
1222 1127 1283 1210 μὲν
1295 1177 1301 1190 .
1315 1178 1341 1192 ..
1361 1125 1471 1213 ἔφερε,

130 1279 223 1296 .....
233 1230 404 1319 ἠκούσατε,
431 1233 456 1298 οἳ
479 1235 594 1300 ne...
620 1233 796 1318 ἔβλαπτεν,
826 1234 961 1322 ὁρῶντες
984 1236 1190 1321 ὑπερείδετε.
1217 1236 1330 1321 φιλίαν
1358 1257 1393 1299 τε
1417 1237 1473 1300 καὶ

131 1345 323 1422 συμμαχίαν
346 1340 424 1426 ἡμῖν
446 1349 672 1428 προφέρουσιν
683 1390 792 1409 ......
819 1341 1055 1430 ύπεκρίνασθε,
1079 1339 1147 1406 th.
1173 1341 1216 1416 δέ,
1241 1339 1298 1405 σεδ.
1324 1341 1381 1406 tei.

242 1443 372 1511 Omnino
394 1465 465 1510 cnm
488 1447 604 1512 multas
625 1447 695 1511 ium
718 1447 772 1512 has
796 1447 964 1530 particulas
987 1447 1108 1512 videtur
1131 1447 1211 1512 inter
1234 1463 1266 1511 sc
1288 1444 1472 1510 confundere

130 1553 184 1630 Α,
210 1571 301 1634 quare
324 1571 361 1616 ne
384 1551 459 1619 locis
481 1553 604 1635 quidem
631 1555 719 1631 1,12
744 1555 775 1620 ei
800 1555 895 1634 1171,
913 1555 955 1619 23
978 1556 1014 1622 δὲ
1038 1573 1108 1619 cum
1132 1555 1176 1622 M.
1200 1551 1382 1618 mutandum
1408 1570 1472 1617 esse

131 1660 168 1724 in
191 1683 227 1725 τε
248 1677 302 1740 pre
324 1658 406 1725 certo
429 1658 656 1726 affirmaverim.

242 1764 328 1831 Locis
352 1766 481 1848 denique
499 1768 573 1844 829,
594 1766 634 1834 10
660 1767 783 1851 (τοιοίδε
806 1767 909 1835 εἰπών
925 1769 983 1858 τὴν
1000 1767 1183 1856 ἐσθῆτα...
1203 1766 1396 1853 ἀνεσύρατο,
1419 1769 1474 1831 καὶ

130 1869 395 1959 περιζωσάμενος
406 1925 490 1941 .....
515 1875 551 1941 τὸ
575 1877 724 1959 λέχος...
752 1884 918 1966 περιέστη,
946 1875 1165 1942 κατακύπτων
1193 1897 1228 1940 τε
1252 1872 1284 1951 ές
1308 1872 1390 1940 αύτδ
1419 1877 1474 1939 καὶ

26 1970 32 1990 ’
132 1979 292 2063 α’νίσχων.
305 2031 311 2047 .
325 2028 331 2044 .
347 2031 352 2046 .
367 2032 373 2045 .
390 1982 494 2064 ύμνει,
518 1980 591 2047 Mfc.
617 1985 673 2048 καὶ
695 1982 913 2048 κατακύπτων
936 1985 985 2066 γε)
1010 1982 1136 2059 77,16.
1163 1981 1242 2058 560,
1260 1980 1312 2047 24.
1339 1979 1435 2057 1040,
1453 1980 1472 2043 8

135 2085 210 2151 aliis
232 2090 286 2152 καὶ
309 2096 530 2168 exspectamus,
553 2087 685 2171 legimus
709 2112 744 2155 τε
769 2087 823 2165 (cf.
848 2087 982 2165 671,17
1007 2088 1121 2171 Mar)

246 2193 329 2258 Haec
353 2193 447 2258 habui
470 2213 547 2276 quae
569 2194 735 2277 proferrem
751 2195 789 2259 de
804 2193 964 2278 particulis
980 2197 1035 2261 καὶ
1051 2194 1083 2258 et
1099 2195 1133 2260 τὲ
1145 2195 1180 2278 ²).
1221 2193 1280 2258 Sed
1295 2192 1472 2276 priusquam

26 2322 28 2324 ·
131 2319 272 2384 pergam,
288 2300 344 2366 hoc
355 2300 530 2384 adiungam,
543 2302 606 2367 leco
617 2301 788 2383 646,9-11
802 2303 913 2389 (μῆκος
931 2303 957 2368 δ’
968 2301 1073 2367 αύτοῦ
1083 2337 1126 2348 -
1137 2319 1177 2366 sc.
1191 2309 1249 2367 τοῦ
1261 2302 1409 2383 πολέμου
1422 2338 1473 2380 -,

131 2407 192 2474 διύ
215 2431 250 2473 τε
273 2407 309 2474 τδ
333 2414 473 2494 μέγεθος
496 2417 560 2474 τῶν
583 2407 694 2496 ἔργων,
719 2409 779 2475 σδν
803 2408 926 2486 ἐπείξει
950 2409 991 2486 ὦς
1015 2408 1066 2474 ἐπ’
1092 2407 1234 2493 ἐχθρούς
1256 2407 1358 2484 ἰδίους
1376 2433 1473 2491 ταχυ-

131 2513 265 2590 νόντων,
289 2514 329 2580 ού
351 2514 437 2580 πολύ
463 2515 504 2592 ὥς
529 2513 585 2581 ἐπὶ
608 2519 756 2582 τοσοῖσδε
780 2515 882 2601 ἔργοις
906 2515 1046 2599 ἐγένετο)
1076 2513 1175 2579 Schw.
1199 2514 1230 2578 ei
1252 2514 1296 2580 M.
1325 2513 1370 2578 ita
1397 2512 1473 2577 mihi

132 2621 233 2687 videri
255 2623 337 2687 recte
359 2620 518 2687 offendisse
541 2622 572 2686 in
596 2647 631 2689 τε
655 2622 685 2686 et
707 2621 739 2685 in
764 2623 865 2710 ἔργοις
889 2624 919 2687 ct
941 2622 973 2686 in
997 2621 1153 2706 asyndetc,
1177 2621 1214 2685 ui
1229 2640 1280 2685 eas
1295 2620 1475 2686 offensiones

133 2727 365 2810 simplicissime
389 2747 529 2794 censeam
552 2728 646 2794 deleri
670 2727 777 2794 deletis
793 2728 892 2794 verbis
917 2728 971 2794 διά
994 2753 1035 2816 γε
1060 2728 1101 2794 τὸ
1119 2734 1260 2813 μέγεθος
1284 2736 1347 2794 τῶν
1367 2726 1474 2813 ἔργον,

134 2855 217 2918 quae
239 2835 338 2900 nescio
361 2854 400 2899 an
424 2835 577 2918 adscripta
592 2835 707 2901 fuerint
723 2837 778 2900 ant
793 2835 831 2900 ad
848 2835 1077 2920 interpretanda
1093 2835 1183 2900 verba
1199 2833 1239 2912 ὡς
1257 2834 1311 2901 ἐπὶ
1327 2838 1475 2900 τοσοῖσδε

135 2944 245 3028 ἔργοις
268 2943 324 3007 ant
344 2962 399 3025 pro
423 2942 508 3009 varia
530 2944 640 3009 horum
664 2943 800 3007 lectione.

246 3048 438 3113 Particula
461 3051 481 3138 ἢ
505 3049 723 3134 disiunciiva⁸)
753 3068 807 3132 pro
831 3053 886 3116 καὶ
908 3049 1022 3133 legitur
1046 3066 1104 3112 non
1129 3049 1228 3113 solnm
1251 3048 1284 3112 in
1307 3046 1474 3112 enuntiatis

136 3156 291 3239 negativis
315 3155 468 3238 (541,10
491 3156 613 3241 me.⁴)
640 3156 800 3235 1050,15
824 3155 929 3233 Mina,
953 3156 991 3220 cf.
1017 3155 1095 3234 624,
1114 3155 1143 3220 7.
1169 3155 1247 3231 482,
1266 3156 1295 3220 2.
1326 3154 1473 3232 398,17.

18 3266 23 3275 ’
137 3263 285 3341 823,19.
310 3263 389 3340 855,
407 3264 458 3330 27.
487 3263 582 3342 1055,
601 3266 649 3349 2),
674 3263 725 3329 sed
750 3263 844 3328 etiam
867 3261 941 3327 alibi
965 3261 1101 3345 saepius,
1123 3260 1161 3328 cf.
1187 3262 1244 3339 25,
1260 3261 1302 3326 23
1327 3264 1381 3327 καὶ
1405 3272 1476 3337 ταῖς

135 3378 352 3462 δημοκοπίαις
375 3370 588 3456 ἐπαιρόμενος
612 3371 807 3454 ἐβούλευσεν
829 3371 891 3458 ἤδη
916 3377 1018 3455 χρεῶν
1041 3369 1216 3446 οίποκοπάς
1240 3369 1358 3445 κοινάς,
1381 3368 1476 3457 ἢτόν

137 3485 243 3568 δῆμον
265 3477 355 3566 ἠξίου
376 3489 441 3556 τοῖς
457 3483 643 3545 δανείσασιν
665 3477 860 3544 οἷποδούναι.
887 3478 961 3556 635,
979 3477 1022 3540 23
1046 3475 1078 3554 ές
1094 3477 1189 3564 ὄψεις
1205 3480 1378 3556 ἐτρέποντο
1394 3474 1474 3539 ἄθε-

6 3602 22 3630 '
136 3594 282 3670 μίστους,
305 3585 488 3664 κτιννύντες
512 3612 546 3654 τε
570 3585 715 3674 α’νηλειός
742 3588 798 3652 καλ
825 3593 1073 3670 περιτέμνοντες
1096 3583 1236 3668 αύχένας
1263 3584 1389 3666 α’νδρῶν
1416 3581 1476 3670 ἤδη

141 3690 348 3768 τεθνεώτων,
378 3697 433 3759 καὶ
463 3698 677 3780 προτιθέντες
707 3693 763 3769 τὰς
793 3691 967 3778 συμφορὰς
991 3691 1023 3769 ές
1055 3692 1162 3778 φόβον
1188 3692 1211 3780 ἢ
1233 3689 1433 3779 κατάπληξιν
1457 3689 1476 3776 ἢ

138 3809 228 3868 θέαν
257 3799 455 3884 α’θέμιστον,
486 3798 585 3866 Schfc.
610 3803 674 3867 καὶ.
700 3798 832 3878 974,12
856 3805 983 3875 Σίττιος
1012 3797 1074 3881 μὲν
1104 3797 1142 3885 δὴ
1173 3805 1299 3882 πρῶτος
1329 3799 1351 3884 ἢ
1377 3795 1477 3879 μόνος

136 3909 267 3992 ἀνδρῶν
290 3909 383 3972 δδε..
409 3907 640 3994 ἐφυγαδεύετο,
664 3906 754 3973 vat.
779 3911 843 3973 καὶ.
885 3906 980 3983 1066,
1000 3906 1041 3969 15
1066 3905 1151 3972 οἵτε
1174 3914 1242 3970 νέοι
1261 3908 1316 3972 καὶ
1331 3913 1476 3988 γέροντες

136 4021 159 4105 ἢ
186 4017 222 4081 οἱ
244 4026 402 4100 γυναῖκες,
426 4013 542 4080 Schwv.
572 4014 830 4096 „mulieresqne“;
854 4013 959 4095 quales
982 4011 1041 4077 loci
1064 4012 1169 4077 extant
1193 4012 1244 4090 19,
1268 4031 1284 4075 e
1307 4009 1418 4093 quibus
1436 4009 1476 4071 10

136 4122 235 4188 Maso,
256 4159 293 4167 -
314 4119 457 4187 Ceterum
482 4122 555 4200 567,
572 4125 624 4196 20,
649 4121 701 4188 ubi
717 4121 850 4205 legimus
874 4130 1030 4186 τοσοῦτον
1052 4115 1094 4212 ἦν
1115 4121 1180 4208 ἄρα
1206 4131 1272 4196 τοῖς
1296 4118 1414 4204 ὁρῶσιν
1430 4116 1478 4183 ἔτι

137 4240 197 4318 τῆς
222 4229 322 4318 ἀρχῆς
346 4229 452 4295 αὐτού
475 4234 555 4306 δέος,
578 4233 601 4318 η’
618 4242 672 4318 τῆς
688 4229 883 4305 ἀποθέσεως
902 4227 1108 4318 κατάπληξις,
1133 4230 1234 4314 ἢτιδν
1249 4226 1403 4291 εύθυνοῑν
1422 4235 1477 4313 τῆς

251 4405 324 4476 1)cf.
344 4405 376 4457 K.
397 4405 434 4458 ΙΙ.
454 4421 479 4473 p.
500 4405 560 4466 787,
580 4405 604 4459 3.
642 4404 756 4459 Kaelkcr
774 4421 799 4473 p.
819 4403 881 4459 286.

249 4495 276 4566 2)
295 4494 327 4549 ef.
346 4495 378 4549 de
396 4495 457 4549 coll.
475 4491 546 4549 verb.

250 4583 492 4653 ἣωῆξω

250 4673 276 4743 4)
295 4674 328 4728 cf.
347 4671 456 4743 deneg.
