3440 5238
674 406 894 472 -59.-

116 601 240 668 offendit
268 601 299 666 in
323 601 420 670 Schw.
450 602 481 668 et
503 601 567 668 Ma
589 600 784 679 coniecturis,
813 599 895 682 quod
923 598 1054 682 speciem
1082 599 1242 682 praebent,
1270 598 1358 680 quasi
1386 599 1453 681 ipsa

39 695 44 710 ’
117 708 196 774 bella
220 707 323 774 civilia
347 708 379 786 ἐς
401 711 535 793 βίβλους
558 706 658 774 divisa
680 727 749 773 nou
772 706 895 773 fuerint.

224 812 320 894 Quale
342 814 407 880 iam
430 814 534 881 evadit
556 815 733 882 discrimen!
779 815 887 880 Nonne
909 811 1012 897 potius
1035 812 1261 896 exspectamus:
1291 804 1371 890 ,ὧδε
1393 811 1455 895 μὲν

117 921 149 998 ἐς
173 921 257 1011 ἔθνη
282 922 321 987 τοὶ
344 923 406 1006 μὲν
428 923 522 999 ἄλλα,
546 923 586 988 τοὶ
612 923 638 988 δ’
663 921 809 1010 ἐμφύλια
835 919 868 999 ἐς
891 920 1091 1011 στρατηγούς
1115 918 1309 1008 impunest?

225 1027 312 1108 Quod
333 1028 447 1094 frustra
470 1030 689 1112 exspectamus,
713 1027 786 1110 quia
808 1026 930 1093 omnino
946 1024 1155 1092 antecedentia
1170 1045 1229 1092 non
1245 1045 1383 1109 expresso
1401 1025 1454 1091 illo

32 1191 41 1208 ,
117 1133 291 1199 discrimine
305 1138 439 1218 repetere
455 1135 551 1201 voluit
565 1136 614 1212 A..
632 1134 683 1200 sed
699 1134 951 1217 comprehendere
966 1134 1110 1200 vocabulo
1124 1125 1189 1201 δίε
1203 1132 1259 1213 ita,
1275 1135 1310 1198 ut
1326 1133 1453 1199 diceret:

120 1240 205 1318 ,Hoc
228 1242 326 1318 modo,
350 1262 440 1325 quem
464 1241 608 1324 descripsi
631 1242 700 1323 (hoo
722 1240 877 1306 divisionis
900 1240 1099 1306 fundamento
1122 1239 1219 1320 nisus)
1244 1259 1290 1304 res
1314 1239 1453 1322 gentium

116 1346 373 1429 imporatommve
395 1349 429 1412 in
451 1348 543 1414 libros
567 1347 687 1427 divisi“,
712 1366 790 1430 quae
805 1367 876 1412 cum
890 1346 1017 1432 legisset
1038 1346 1247 1430 interpolator,
1276 1366 1342 1424 ,res
1356 1345 1454 1430 impe-

116 1453 272 1518 ratomm“
300 1455 461 1538 explicavit
484 1454 693 1522 additamento
717 1454 758 1521 roi
783 1453 941 1542 ἐμφύλια.
949 1453 973 1539 1)

226 1557 285 1624 Sed
307 1559 371 1625 iam
387 1562 547 1627 redeamus
564 1560 603 1627 ad
618 1561 801 1646 particulam
826 1564 862 1650 ἢ;
887 1578 964 1642 quae
987 1579 1041 1642 pro
1060 1559 1268 1643 comparativa
1282 1559 1359 1625 sola
1380 1578 1455 1624 non·

117 1682 270 1745 nusquam
293 1666 416 1751 legitur,
440 1666 494 1734 ubi
517 1670 727 1750 exspectamus
750 1671 877 1753 μᾶλλον
900 1665 937 1758 ''l'i
963 1666 1097 1750 751,13
1121 1668 1202 1744 ὅλος
1226 1690 1261 1732 τε
1276 1666 1457 1750 κάμνουσιν

115 1770 233 1849 αὐτοῖς
257 1770 363 1841 ἐδόκει
387 1778 468 1861 δρᾶν
491 1802 521 1842 τι
543 1777 649 1864 ἤματ’
665 1776 779 1863 α’ργίας
802 1777 884 1863 λιμῷ
907 1779 1145 1862 διαφθαρῆναι.
1170 1772 1286 1849 829,2
1310 1772 1347 1840 ἐν
1369 1773 1457 1858 ἀκμῇ

8 1949 10 1958 ,
114 1876 266 1961 μεγάλων
288 1877 357 1946 ἐστὶ
378 1881 533 1949 κινδύνων
556 1882 636 1971 ἡμῖν
659 1882 699 1948 τοὶ
723 1883 884 1967 μέλλοντα
906 1884 928 1970 ἢ
951 1881 992 1947 coi
1019 1881 1107 1958 ὄντα,
1131 1878 1260 1946 Schwfo.
1301 1879 1397 1957 1036,
1413 1880 1455 1944 25

8 1983 9 1986 “
114 1986 198 2072 μηδὲ
220 1987 410 2076 βραδυτῆτά
433 2013 479 2066 τις
501 1987 643 2079 ἡγείσθω
667 1989 726 2076 τὴν
748 1989 922 2076 ἐμπειρίαν
944 1991 965 2079 ἢ
992 1997 1163 2077 ταχυτῆτα,
1186 1985 1316 2052 Schwrs
1340 1989 1362 2075 ἢ
1386 2014 1455 2071 ταχ.

115 2091 223 2156 contra
245 2093 321 2168 Md„
344 2092 422 2159 Mfd.
441 2094 516 2172 662,
535 2094 574 2158 11
593 2099 728 2162 δοκοῦσί
739 2120 796 2179 μοι
819 2093 1114 2183 παρασκώπτοντες
1136 2096 1157 2180 ἢ
1183 2092 1457 2177 ἐκμειλισσόμενοι

117 2199 175 2263 τὸν
198 2199 304 2285 ἄνδρα
329 2199 523 2288 ἐπιγράψαι,
547 2199 674 2268 Schwfe.
697 2202 824 2286 peritton
839 2204 873 2293 ἢ,
897 2199 1126 2279 6011183519
1150 2201 1358 2282 exspectemus
1375 2201 1456 2265 ἄλλο

114 2309 144 2396 ἢ,
163 2304 239 2384 852,
258 2306 300 2370 13
316 2306 434 2391 (Stim.)
450 2309 635 2398 ἄλίο3ενῆ
659 2308 869 2391 Postpositum
884 2308 1017 2390 legimus
1032 2309 1158 2392 μᾶλλον
1174 2307 1248 2385 886,
1266 2307 1297 2373 3.
1316 2304 1412 2383 1171,
1425 2304 1456 2371 6.

115 2413 259 2490 846,13
287 2413 374 2498 (Mfo.
399 2414 432 2478 in
454 2414 588 2505 ἠγάπων
610 2416 647 2482 δὲ
670 2416 757 2499 ὅμως
780 2416 986 2498 Δολοβέλλαν
1010 2413 1092 2500 ἔχειν
1116 2415 1173 2481 τιῗν
1196 2414 1336 2501 στρατὸν
1347 2412 1457 2478 Ἄντω-

113 2527 189 2584 νίον
212 2518 364 2602 μᾶλλον);
387 2523 513 2604 μᾶλλον
536 2521 622 2589 ἀλλὰ
644 2541 698 2604 pre
721 2524 847 2606 μᾶλλον
869 2525 890 2612 ἢ
913 2521 997 2587 extat
1020 2521 1131 2600 899,5
1156 2520 1263 2605 (Nfo.),
1288 2521 1458 2606 αἱρεῖσθαι

114 2626 197 2711 πρὶν
219 2643 272 2706 pro
288 2628 458 2715 αἱρεῖσθαι
473 2632 494 2718 ἢ
511 2629 586 2710 937,
602 2630 622 2694 2
640 2629 689 2713 (cl.
708 2628 782 2706 934,
801 2628 870 2714 24),
895 2629 962 2694 ἀλλ’
980 2631 1000 2716 ἢ
1017 2627 1146 2709 denique
1161 2626 1294 2711 legimus
1312 2626 1408 2705 1032,
1426 2628 1456 2704 8,

115 2731 207 2820 πλὴν
229 2734 249 2820 ἢ
276 2733 441 2811 1015,12.

228 2837 458 2906 Particulam
474 2841 584 2927 pest)
600 2860 720 2924 quoque
739 2842 778 2906 19
794 2842 868 2907 locis
884 2841 1092 2908 desideramus
1109 2839 1139 2924 (e
1156 2840 1267 2921 quibus
1285 2838 1325 2904 18
1339 2839 1457 2922 Maio),

116 2945 156 3010 cf.
184 2943 301 3024 641,e
324 2951 379 3014 καὶ
407 2950 446 3015 οἲ
468 2949 530 3016 σύν
557 2948 633 3038 δργῇ
657 2949 830 3037 παρῄεσαν
853 2951 894 3028 ὥς
917 2948 1155 3034 ἀμυνούμενοι.
1186 2955 1250 3013 τῶν
1278 2947 1313 3012 δὲ
1341 2945 1455 3031 ῥαβδο-

119 3050 252 3139 φόρων.
266 3103 273 3118 .
285 3106 292 3118 .
306 3105 332 3119 ..
359 3054 434 3132 880,
454 3055 495 3120 18
511 3055 581 3123 ἀλλ’
599 3055 737 3134 ὠνείδιζε
754 3055 962 3141 ἀχαριστίαν.
976 3105 983 3120 .
995 3106 1002 3122 .
1016 3107 1033 3131 .,
1057 3054 1223 3142 ἐμέμφετο
1240 3054 1285 3119 δὲ.
1312 3053 1408 3130 1061,
1427 3055 1457 3120 2.

120 3159 198 3235 709,
215 3160 267 3226 23.
293 3162 367 3241 990,
385 3161 414 3228 5.
440 3163 597 3241 115913
622 3164 680 3230 cet.
719 3162 832 3228 Contra
855 3165 874 3227 9
897 3163 961 3246 logi
984 3163 1074 3239 locos,
1100 3160 1210 3243 quibus
1239 3159 1392 3244 superflua
1415 3158 1457 3223 vi-

118 3265 244 3332 deretur
259 3285 324 3332 esse
340 3268 470 3352 (Mafa),
486 3268 523 3334 cf.
544 3270 647 3347 192‚3
664 3270 696 3335 οἱ
711 3269 747 3336 δὲ
764 3269 921 3354 οὐδέτερα
938 3267 1062 3336 τούτων
1076 3267 1268 3351 δυνάμενοι.
1282 3319 1289 3332 .
1301 3316 1327 3333 ..
1345 3266 1456 3352 ἐπρέσ·

119 3379 232 3456 βευων,
256 3375 314 3462 τὴν
329 3375 391 3458 μὲν
406 3375 548 3466 ἀνάγκην
564 3375 742 3443 αὐτῶνκαὶ
758 3377 817 3465 τὴν
832 3383 1021 3464 προαίρεσιν
1037 3372 1314 3451 ὑποδεικνύοντες.
1342 3371 1456 3450 158,1.

125 3479 201 3557 774,
218 3481 271 3546 21.
297 3483 371 3557 800,
389 3481 431 3545 23
455 3483 512 3547 cet.

9 3591 15 3602 '
231 3588 276 3652 δὲ
297 3607 352 3671 pro
376 3590 420 3677 δὴ
452 3590 597 3672 legimus
617 3589 658 3652 16
688 3589 762 3655 locis
792 3589 918 3671 (quibus
940 3588 1065 3673 idolol,
1089 3587 1127 3655 cf.
1153 3586 1304 3666 573,14.
1330 3586 1411 3666 265,
1427 3586 1458 3653 4.

10 3757 11 3786 ,
122 3695 490 3774 ωωωῌηω

232 3871 253 3938 1)
272 3869 306 3924 In
328 3871 480 3925 uuiversum
504 3873 608 3940 quidem
633 3872 664 3926 A.
688 3874 761 3926 caret
778 3871 1027 3941 interpolationibus
1039 3885 1134 3938 neque
1153 3871 1240 3923 brnen
1260 3869 1369 3932 desunt,
1393 3885 1459 3938 quae

10 3985 11 4004 r
121 3958 198 4012 uncis
216 3958 267 4013 viri
285 3959 355 4014 docti
373 3959 529 4017 secluserint
547 3965 595 4016 aut
612 3961 712 4016 secludi
730 3960 874 4024 voluerin13
894 3960 983 4029 quales
1002 3959 1052 4014 loci
1070 3961 1163 4012 extem
1181 3957 1227 4022 35,
1247 3975 1261 4014 e
1280 3958 1375 4028 quibus
1393 3976 1459 4014 com-

119 4064 240 4102 memoro
259 4049 323 4113 224,
338 4052 379 4116 26,
399 4051 445 4109 ubi
464 4052 544 4106 verba
561 4052 624 4116 τοὺς
641 4050 822 4114 κατασκίποος
838 4058 948 4106 κτείνειν
967 4049 1003 4104 11.
1022 4050 1093 4103 recte
1111 4047 1140 4102 in
1163 4048 1337 4118 suspicionem
1357 4065 1460 4102 vocasse

117 4139 234 4206 apparet
252 4155 266 4193 e
284 4141 443 4210 comparatis
462 4140 527 4196 locis
545 4141 607 4204 488,
620 4139 645 4195 2.
666 4140 730 4204 517,
744 4141 769 4195 4.
791 4139 851 4205 172,
864 4140 888 4194 3.
908 4139 1025 4202 251,17.
1045 4138 1105 4203 255,
1119 4139 1161 4191 27.
1183 4138 1247 4200 148,
1261 4135 1304 4190 23.
1325 4137 1403 4203 1096,
1416 4138 1459 4191 21.

121 4225 184 4288 777,
200 4224 223 4278 1.
243 4225 303 4290 959,
317 4229 341 4281 2.
362 4230 439 4293 1053,
452 4229 494 4282 25.
515 4230 592 4292 1105,
607 4231 649 4283 10.
671 4231 748 4292 1180,
763 4231 779 4283 7
792 4228 837 4300 (ci.
852 4230 911 4292 506,
925 4229 950 4282 3.
970 4228 1030 4291 383,
1043 4226 1068 4281 2.
1091 4226 1149 4292 560,
1164 4228 1205 4281 18.
1225 4227 1285 4288 233,
1299 4229 1323 4281 5.
1343 4227 1402 4290 260,
1415 4224 1458 4279 24.

119 4313 256 4384 845,11);
276 4315 372 4384 quibus
390 4318 638 4388 interpolationibus
655 4319 741 4374 nascio
753 4335 786 4373 an
806 4317 924 4373 addenda
942 4318 997 4372 sint
1018 4317 1099 4372 verbo
1117 4316 1160 4371 διὰ
1179 4315 1208 4370 τὸ
1227 4315 1342 4380 ἀσθενές
1360 4316 1420 4378 849,
1436 4316 1460 4380 1,

10 4433 11 4478 3
119 4402 167 4460 οἷα
185 4403 312 4470 Ῥωμαίων
331 4407 383 4462 ἐστὶ
402 4408 494 4462 καὶτὰ
514 4408 610 4478 γύναια
629 4409 710 4473 221,
728 4413 772 4463 καὶ
791 4408 850 4481 παρ’
871 4407 935 4462 αὐτὸ
954 4400 1047 4480 ἦνκαὶ
1066 4405 1247 4473 ἀμελούμενον
1265 4405 1363 4469 300,1,
1383 4405 1423 4476 εἴη
1437 4407 1460 4458 δ’

118 4493 156 4550 ἂν
168 4493 198 4548 ἐν
210 4494 306 4566 τοσῷδε
318 4496 441 4566 βασιλεύς
454 4497 513 4560 668,
528 4497 552 4559 1,
566 4497 592 4562 ἐς
604 4499 636 4552 τὰ
649 4497 803 4571 ἀπόκρημνα
823 4498 882 4562 124,
896 4498 938 4562 12,
957 4513 1035 4566 quem
1053 4496 1139 4552 locum
1157 4493 1284 4558 haebbe,
1304 4510 1362 4548 cum
1382 4510 1459 4562 agam

117 4583 155 4638 de
174 4581 316 4637 verborum
334 4585 535 4653 significatione.

232 4672 258 4743 ²)
277 4671 311 4728 ct.
330 4673 452 4739 Kselker,
473 4691 499 4744 p.
518 4673 578 4729 288.
617 4676 699 4742 Stich,
719 4693 744 4746 p.
764 4676 825 4730 207.
