3440 5238
802 402 1020 466 ..38-

246 609 361 683 μένων,
385 597 476 672 Μίο.;
504 595 653 661 accedunt
673 595 733 660 loci
757 596 833 676 352,
860 597 911 660 19.
937 597 1012 677 685,
1038 596 1068 662 2.
1093 597 1146 674 80,
1175 599 1223 662 12.
1249 597 1324 674 637,
1348 596 1401 662 21.
1428 597 1501 675 759,
1526 600 1579 664 23.
1690 670 1697 688 ι

249 705 323 782 849,
340 707 370 781 9,
395 703 507 784 quibus
528 702 639 777 Μυίας
663 702 761 786 μόνος
785 701 940 767 omittitur
964 703 1039 783 548,
1054 705 1107 782 23,
1131 713 1257 788 πρῶτος
1280 702 1355 782 444,
1372 704 1425 769 21.

355 809 543 876 Advsrbia
566 810 602 873 et
623 807 847 892 particulas,
877 810 1059 892 praesertim
1087 810 1141 875 ubi
1164 811 1270 874 extant
1291 810 1470 894 panticipia,
1501 813 1580 876 desi-

248 919 391 984 deramus
415 915 554 981 36100is
578 915 607 999 (ο
631 915 743 997 quibus
766 916 808 980 35
831 915 957 1003 Μυῖα),
985 916 1138 998 imprimis
1160 915 1277 1002 μόνον,
1302 915 1391 992 τότε,
1415 920 1496 1003 ἄρα,
1519 918 1581 993 ἀεὶ,

250 1028 346 1110 ὅμως,
370 1023 427 1100 ἔτι,
444 1017 516 1101 ὦδε,
532 1025 610 1108 ἅμα,
626 1022 776 1107 μάλιστα,
799 1022 838 1087 cf.
857 1023 932 1103 992,
949 1025 969 1086 3
985 1025 1029 1090 οῖ’
1041 1028 1096 1090 καῖ
1110 1024 1202 1109 παρὰ
1218 1025 1387 1108 πολεμίοις
1403 1023 1582 1108 ἰσχύουσιν,

252 1131 293 1198 ού
323 1131 416 1218 παρᾶ
448 1132 554 1218 φίλοις
585 1133 642 1196 καί
671 1140 864 1216 τροφεῦσιν.
898 1129 1024 1208 722,4
1053 1133 1108 1196 καῖ
1137 1131 1155 1195 ὁ
1179 1134 1280 1217 δῆμος
1312 1181 1318 1194 .
1345 1181 1352 1196 .
1378 1183 1385 1197 .
1417 1129 1582 1219 ἐκεκράγει
1609 1216 1612 1221 j
1678 1163 1686 1192 ι

250 1244 400 1325 Καίσαρα
429 1241 485 1304 καὶ
507 1236 686 1324 Πομπήιον
715 1236 914 1303 ἀποθέσθαι
943 1236 1001 1314 τοὶς
1024 1240 1216 1314 δυναστείας
1241 1286 1412 1302 ......
1440 1246 1583 1323 Κικέρων

251 1346 287 1411 δὲ
309 1348 366 1412 καί
381 1383 420 1392 -
439 1363 480 1410 st.
497 1343 572 1410 τότε
589 1380 630 1388 -
646 1351 790 1426 πέμπειν
813 1341 846 1421 ἐς
869 1350 1021 1431 Καίσαρα
1044 1342 1248 1420 διαλλακτάς.
1274 1343 1349 1421 566,
1366 1346 1386 1406 9
1410 1345 1582 1429 ἐγχειρίδια

251 1451 405 1530 πολλάκις
429 1451 606 1540 φερόντων,
629 1458 836 1541 κτιννυμένης
859 1459 894 1517 τέ
911 1489 949 1498 -
968 1468 1011 1515 sc.
1035 1449 1088 1518 δεῖ
1102 1487 1147 1498 -
1162 1477 1247 1528 τινος
1269 1450 1369 1539 ἀρχῆς
1394 1449 1431 1515 ἐκ
1454 1451 1583 1538 διαστή-

252 1586 356 1645 ματος
379 1559 415 1624 ἐν
436 1559 538 1645 ἱεροῖς
559 1560 582 1647 ἢ
604 1558 794 1646 ἐκκλησίαις.
841 1557 916 1635 980,
941 1558 983 1622 25
1007 1558 1122 1637 εὔνους
1144 1558 1181 1624 δέ
1205 1561 1249 1624 (δν
1272 1569 1339 1635 τοῖς
1355 1566 1584 1647 Πομπηιανοῖς

252 1668 307 1734 διὰ
338 1666 417 1733 τάδε
447 1672 696 1751 κατεγίγνωσκεν
720 1701 759 1712 -
785 1683 826 1731 sc.
851 1666 938 1750 ὅμως
960 1703 1004 1712 -
1028 1665 1082 1732 nisi
1111 1673 1169 1756 τῆς
1196 1673 1313 1752 μοίρας
1336 1666 1377 1741 ὡς
1400 1664 1583 1754 ἀτυχούσης

252 1776 453 1859 ἀμειλίκτως.
471 1771 599 1852 1140,3
615 1772 699 1837 κατοὶ
716 1775 855 1855 δαίμονα
871 1773 897 1837 δ’
912 1774 1113 1858 ἀμφοτέρων
1130 1809 1166 1816 -
1187 1790 1227 1836 sc.
1239 1774 1308 1856 ἅμα
1324 1808 1367 1816 -
1384 1771 1584 1857 προσιόντων

253 1893 297 1970 τηῖ
313 1879 461 1967 ῥεύματι,
482 1877 643 1956 Ἂντιύνιυς
661 1930 668 1944 .
687 1927 694 1941 .
713 1931 719 1942 .
740 1931 747 1943 .
764 1877 914 1967 ἐσήλατο.
940 1878 1036 1957 1034,
1053 1880 1072 1942 2
1097 1882 1152 1946 καὶ
1174 1879 1212 1945 τὸ
1236 1877 1397 1963 διώνυμον
1419 1872 1459 1968 ἥν
1474 1877 1584 1942 αὐτῶν

255 1990 292 2057 τὸ
309 1990 440 2075 Ἀρειον,
465 1986 483 2050 t
506 1989 562 2052 ἐπί
585 1994 659 2073 τιμῇ
683 1995 740 2076 τῆς
763 1985 864 2074 ἀλκῆς
889 2023 928 2032 -
953 2005 994 2053 sc.
1019 1978 1081 2051 niis
1104 2024 1147 2032 —
1170 1985 1346 2070 ὠνόμαζον.

360 2091 662 2175 Praepositiones
684 2092 814 2176 denique
837 2093 876 2160 ab
898 2093 934 2158 A.
959 2094 1030 2174 post
1052 2095 1124 2169 καί,
1147 2096 1183 2182 ἢ,
1206 2095 1265 2171 τίς,
1290 2096 1415 2179 ὥσπερ,
1445 2088 1500 2158 οἷα
1524 2112 1582 2157 non

253 2200 359 2268 iterari
380 2199 459 2264 nihil
481 2201 528 2264 est
542 2199 697 2284 proprii1)‚
720 2199 918 2266 nihilominus
934 2219 950 2266 s
967 2200 1008 2265 18
1024 2201 1097 2266 lonis
1111 2201 1252 2266 undecies
1268 2201 1378 2278 Maso,
1402 2200 1440 2267 cf.
1458 2201 1534 2279 945,
1553 2202 1582 2264 6.
1691 2277 1697 2296 Ι

254 2311 329 2386 sss,
349 2309 398 2373 ιι.
425 2306 498 2385 ιιι,
513 2309 544 2372 2.
569 2307 644 2386 949,
664 2308 695 2376 3.
1705 2291 1706 2295 '

626 2501 716 2624 14)
747 2505 821 2602 οο
853 2505 1218 2626 anticipatione.

363 2699 602 2784 Anticipationis
620 2721 694 2766 usus
709 2700 886 2784 Appianeus
909 2701 985 2766 satis
1000 2701 1142 2785 frequens
1158 2705 1213 2782 est,
1238 2704 1390 2788 imprimis
1405 2705 1442 2769 in
1462 2706 1588 2770 verbis

255 2807 513 2894 cognoscendi,
536 2807 703 2892 rogandi,
730 2807 925 2895 dicendi²);
955 2810 1060 2890 quates
1082 2810 1164 2876 locos
1187 2811 1334 2876 habemus
1356 2812 1425 2878 hos:

364 2916 444 2994 165,
470 2917 511 2981 21
543 2915 620 2981 οὐδὲ
650 2915 725 2995 τούς
755 2924 990 2996 πεντακοσίους
1021 2918 1142 2996 εἰδότες
1173 2921 1223 2986 ὅτι
1253 2913 1338 3009 ἦσαν
1368 2918 1590 2985 πεντακόσιοι.

256 3025 337 3102 222,
362 3025 381 3087 6
414 3029 597 3110 πυθομένῳ
626 3025 704 3112 περὶ
733 3023 843 3091 αὐτῶν
870 3027 921 3092 ὅτι
944 3030 1012 3092 δέοι
1034 3037 1151 3093 ποιεῖν.
1184 3026 1266 3104 235,
1290 3025 1312 3089 4
1341 3030 1498 3092 ἐπίδεσθε
1529 3027 1593 3112 τὴν

256 3131 397 3221 ἀνάγκην
419 3129 440 3218 ἣ
462 3139 598 3216 γέγονεν.
639 3132 720 3212 273,
744 3131 764 3196 6
793 3133 865 3200 ἴστε
893 3123 1016 3212 αύτούς
1046 3134 1097 3200 ὅτι
1124 3132 1321 3226 α’πέστησαν.
1353 3133 1434 3213 253,
1459 3135 1518 3213 23,
1544 3133 1593 3196 24

256 3231 347 3306 εἶδον
376 3237 437 3326 τὴν
465 3238 563 3304 πόλιν
593 3239 653 3330 ὅση
676 3234 726 3330 ἦν.
758 3240 840 3320 570,
864 3242 884 3305 9
915 3250 1019 3308 ταῦτα
1043 3242 1070 3307 δ’
1094 3243 1181 3321 ἵπως
1211 3242 1352 3328 ἐγένετο,
1383 3249 1592 3330 συνέγραψα.

258 3346 332 3424 648,
357 3347 399 3409 20
423 3344 483 3410 οῖκ
507 3345 569 3428 ἔχω
592 3345 653 3436 την
675 3347 784 3414 αἰτίαν
806 3349 987 3434 συμβαλεῖν
1010 3350 1046 3414 δι’
1070 3348 1110 3439 ἣν
1132 3347 1268 3436 ἐγένετο.
1304 3347 1377 3426 794,
1404 3347 1446 3412 14
1468 3348 1596 3432 ᾔδεσαν

256 3453 359 3520 αὐτὸν
380 3451 471 3539 μήθ).
518 3453 633 3532 838,6
657 3453 872 3537 προειπόντος
896 3455 954 3543 τὴν
976 3454 1101 3545 ἡμέραν
1123 3466 1178 3545 τῆς
1202 3458 1362 3546 τελευτῆς,
1386 3445 1438 3522 δτι
1458 3455 1504 3545 μὴ
1528 3480 1597 3522 πε-

259 3568 376 3650 ριοίσει
400 3560 456 3637 τὰς
481 3558 601 3636 εἰδούς,
624 3558 702 3625 Msd.
727 3588 754 3626 τ.
778 3561 809 3651 ἡ.
834 3588 862 3628 τ.
887 3589 914 3628 τ.
940 3562 1014 3640 904,
1040 3563 1058 3624 5
1083 3562 1266 3640 συνειδότες
1289 3562 1325 3628 τὸ
1350 3560 1522 3648 κράτιστον
1546 3563 1597 3640 ὡς

257 3668 319 3760 εἴη.
344 3666 419 3744 938,
437 3666 479 3729 26
503 3664 535 3743 ές
558 3664 652 3754 ἡμᾶς,
676 3661 733 3732 οἶα
757 3667 986 3756 πεπόνθαμεν,
1010 3671 1104 3757 δρῶν.
1131 3671 1226 3750 1185,
1246 3670 1264 3734 7
1288 3670 1410 3756 μαθων
1432 3671 1509 3755 περὶ
1532 3680 1599 3760 τῆς

256 3775 376 3864 μητρὸς
399 3774 442 3850 ὦς
465 3773 517 3865 εἴη
540 3778 767 3866 καθειργμένη.

365 3877 484 3962 Quibus
513 3878 587 3944 loeis
618 3879 776 3946 simillime
805 3881 974 3966 comparati
1008 3885 1079 3949 sunt
1110 3884 1258 3965 981,16
1289 3889 1397 3952 δεῖσαι
1426 3885 1503 3970 περὶ
1534 3895 1603 3974 τῆς

258 3986 491 4078 ἀναχωρήσεως
520 3988 565 4076 μὴ
596 3987 833 4079 ἀποκλεισθείη
843 3990 869 4070 4)
893 3991 924 4055 et
954 3989 1035 4070 941,
1059 3993 1101 4055 26
1131 3995 1162 4070 ἐς
1191 3994 1435 4069 δυσελπιστίαν,
1464 3994 1606 4082 μηδένα

257 4095 423 4182 ῥύσεσθαί
442 4120 514 4161 τινα
536 4097 734 4183 προσδοκῶν.

364 4201 401 4266 Id
424 4201 528 4266 autem
551 4201 780 4286 anticipationis
802 4222 914 4287 genus,
946 4205 1026 4287 qnod
1049 4204 1102 4270 ubi
1125 4207 1224 4282 extat,
1255 4204 1355 4270 notio
1379 4203 1610 4287 anticipata

366 4378 387 4448 1)
406 4375 440 4433 oi.
457 4376 559 4431 Loesch
578 4379 605 4432 et
622 4376 707 4432 Krebs
725 4394 752 4448 p.
767 4377 808 4443 10,
827 4379 919 4449 591.

364 4466 388 4536 2)
406 4465 440 4522 cf.
459 4465 506 4520 Kr.
525 4467 542 4536 ᾗ
555 4467 597 4530 61,
611 4468 635 4530 6,
649 4467 674 4521 2.
693 4467 727 4524 Κ.
740 4467 807 4539 Hp.
822 4468 900 4534 1082,
913 4471 938 4524 4.

363 4557 387 4621 ³)
406 4555 440 4610 cf.
459 4555 491 4609 de
508 4554 627 4628 brachyl.

364 4647 388 4716 ⁴)
407 4644 441 4700 cf.
460 4643 506 4700 Kr.
526 4646 597 4714 561,
611 4646 636 4710 6,
649 4647 674 4708 5,
