<?xml version="1.0" encoding="UTF-8"?>
<!DOCTYPE html PUBLIC "-//W3C//DTD XHTML 1.0 Transitional//EN"
    "http://www.w3.org/TR/xhtml1/DTD/xhtml1-transitional.dtd">
<html xmlns="http://www.w3.org/1999/xhtml" xml:lang="en" lang="en">
 <head>
  <title>
</title>
<meta http-equiv="Content-Type" content="text/html;charset=utf-8" />
  <meta name='ocr-system' content='tesseract 3.04.00' />
  <meta name='ocr-capabilities' content='ocr_page ocr_carea ocr_par ocr_line ocrx_word'/>
</head>
<body>
  <div class='ocr_page' id='page_1' title='image "./deappianielocut00kratgoog_0046.png"; bbox 0 0 3440 5238; ppageno 0'>
   <div class='ocr_carea' id='block_1_1' title="bbox 676 416 898 480">
    <p class='ocr_par' dir='ltr' id='par_1_1' title="bbox 676 416 898 480">
     <span class='ocr_line' id='line_1_1' title="bbox 676 416 898 480; baseline -0.005 -17"><span class='ocrx_word' id='word_1_1' title='bbox 676 416 898 480; x_wconf 80' lang='lat'><strong>..35-</strong></span> 
     </span>
    </p>
   </div>
   <div class='ocr_carea' id='block_1_2' title="bbox 33 606 1455 804">
    <p class='ocr_par' dir='ltr' id='par_1_2' title="bbox 33 606 1455 804">
     <span class='ocr_line' id='line_1_2' title="bbox 33 606 1454 718; baseline 0.001 -44"><span class='ocrx_word' id='word_1_2' title='bbox 33 696 40 718; x_wconf 45' lang='lat'><strong>·</strong></span> <span class='ocrx_word' id='word_1_3' title='bbox 132 606 259 676; x_wconf 77' lang='grc' dir='ltr'><em>ἕκαστον</em></span> <span class='ocrx_word' id='word_1_4' title='bbox 282 607 387 677; x_wconf 81' lang='grc' dir='ltr'><em>ἐδεῖτο</em></span> <span class='ocrx_word' id='word_1_5' title='bbox 412 608 579 699; x_wconf 80' lang='grc' dir='ltr'><em>δήμαρχον</em></span> <span class='ocrx_word' id='word_1_6' title='bbox 602 611 762 679; x_wconf 80' lang='grc' dir='ltr'><em>αὑτὸν...</em></span> <span class='ocrx_word' id='word_1_7' title='bbox 787 613 936 688; x_wconf 81' lang='grc' dir='ltr'><em>ἐλέσθαι,</em></span> <span class='ocrx_word' id='word_1_8' title='bbox 964 607 1054 676; x_wconf 83' lang='lat' dir='ltr'>Mfm.</span> <span class='ocrx_word' id='word_1_9' title='bbox 1080 607 1216 676; x_wconf 76' lang='grc' dir='ltr'><em>ἕκαστον</em></span> <span class='ocrx_word' id='word_1_10' title='bbox 1242 609 1275 673; x_wconf 90' lang='lat' dir='ltr'><em>in</em></span> <span class='ocrx_word' id='word_1_11' title='bbox 1302 607 1454 686; x_wconf 75' lang='grc' dir='ltr'><em>ἑκάστων,</em></span> 
     </span>
     <span class='ocr_line' id='line_1_3' title="bbox 131 713 1455 804; baseline -0.001 -23"><span class='ocrx_word' id='word_1_12' title='bbox 131 713 258 781; x_wconf 72' lang='grc' dir='ltr'><em>ἕκαστον</em></span> <span class='ocrx_word' id='word_1_13' title='bbox 279 715 412 797; x_wconf 74' lang='lat' dir='ltr'>pertinet</span> <span class='ocrx_word' id='word_1_14' title='bbox 435 717 475 782; x_wconf 87' lang='lat' dir='ltr'><em>ad</em></span> <span class='ocrx_word' id='word_1_15' title='bbox 497 716 634 804; x_wconf 72' lang='lat' dir='ltr'>aspretis</span> <span class='ocrx_word' id='word_1_16' title='bbox 656 717 709 798; x_wconf 85' lang='lat' dir='ltr'>(ef.</span> <span class='ocrx_word' id='word_1_17' title='bbox 735 716 867 794; x_wconf 91' lang='grc'>114,15</span> <span class='ocrx_word' id='word_1_18' title='bbox 892 716 990 784; x_wconf 82' lang='lat' dir='ltr'>Sehw.</span> <span class='ocrx_word' id='word_1_19' title='bbox 1013 715 1103 781; x_wconf 90' lang='lat' dir='ltr'>Mfm.</span> <span class='ocrx_word' id='word_1_20' title='bbox 1122 716 1195 793; x_wconf 82' lang='lat'>166,</span> <span class='ocrx_word' id='word_1_21' title='bbox 1213 715 1232 777; x_wconf 88' lang='grc'>5</span> <span class='ocrx_word' id='word_1_22' title='bbox 1250 717 1325 781; x_wconf 84' lang='lat' dir='ltr'>Mra.</span> <span class='ocrx_word' id='word_1_23' title='bbox 1349 716 1455 781; x_wconf 86' lang='lat' dir='ltr'>eontra</span> 
     </span>
    </p>
   </div>
   <div class='ocr_carea' id='block_1_3' title="bbox 33 819 1455 1765">
    <p class='ocr_par' dir='ltr' id='par_1_3' title="bbox 33 819 1455 1765">
     <span class='ocr_line' id='line_1_4' title="bbox 130 819 1455 905; baseline -0.002 -17"><span class='ocrx_word' id='word_1_24' title='bbox 130 819 217 888; x_wconf 84' lang='lat' dir='ltr'>Sohw.</span> <span class='ocrx_word' id='word_1_25' title='bbox 242 823 316 902; x_wconf 88' lang='grc'>228,</span> <span class='ocrx_word' id='word_1_26' title='bbox 329 825 381 890; x_wconf 93' lang='grc'><em>20.</em></span> <span class='ocrx_word' id='word_1_27' title='bbox 408 824 481 903; x_wconf 90' lang='grc'>747,</span> <span class='ocrx_word' id='word_1_28' title='bbox 498 825 528 890; x_wconf 88' lang='grc'><em>9.</em></span> <span class='ocrx_word' id='word_1_29' title='bbox 555 826 628 904; x_wconf 90' lang='grc'>640,</span> <span class='ocrx_word' id='word_1_30' title='bbox 639 825 691 890; x_wconf 87' lang='grc'><em>25.</em></span> <span class='ocrx_word' id='word_1_31' title='bbox 717 825 790 903; x_wconf 86' lang='grc'>846,</span> <span class='ocrx_word' id='word_1_32' title='bbox 803 824 856 905; x_wconf 92' lang='grc'><em>25,</em></span> <span class='ocrx_word' id='word_1_33' title='bbox 868 825 920 890; x_wconf 93' lang='grc'><em>26.</em></span> <span class='ocrx_word' id='word_1_34' title='bbox 947 824 1021 904; x_wconf 91' lang='grc'>865,</span> <span class='ocrx_word' id='word_1_35' title='bbox 1037 825 1090 888; x_wconf 93' lang='grc'><em>26.</em></span> <span class='ocrx_word' id='word_1_36' title='bbox 1116 824 1192 899; x_wconf 89' lang='grc'>906,</span> <span class='ocrx_word' id='word_1_37' title='bbox 1203 827 1232 890; x_wconf 89' lang='grc'><em>9.</em></span> <span class='ocrx_word' id='word_1_38' title='bbox 1258 823 1332 902; x_wconf 88' lang='grc'>987,</span> <span class='ocrx_word' id='word_1_39' title='bbox 1350 824 1380 902; x_wconf 89' lang='grc'><em>3,</em></span> <span class='ocrx_word' id='word_1_40' title='bbox 1400 823 1455 888; x_wconf 87' lang='lat' dir='ltr'><em>ubi</em></span> 
     </span>
     <span class='ocr_line' id='line_1_5' title="bbox 129 928 1454 1016; baseline -0.002 -23"><span class='ocrx_word' id='word_1_41' title='bbox 129 948 240 995; x_wconf 83' lang='lat' dir='ltr'>comma</span> <span class='ocrx_word' id='word_1_42' title='bbox 263 930 334 994; x_wconf 88' lang='lat' dir='ltr'>ante</span> <span class='ocrx_word' id='word_1_43' title='bbox 356 931 440 1016; x_wconf 79' lang='grc' dir='ltr'><em>μετὰ</em></span> <span class='ocrx_word' id='word_1_44' title='bbox 463 931 635 997; x_wconf 82' lang='lat' dir='ltr'>deleverim.</span> <span class='ocrx_word' id='word_1_45' title='bbox 663 931 811 1014; x_wconf 92' lang='grc'>1001,1.</span> <span class='ocrx_word' id='word_1_46' title='bbox 837 931 933 1013; x_wconf 90' lang='grc'>1133,</span> <span class='ocrx_word' id='word_1_47' title='bbox 950 930 1002 996; x_wconf 98' lang='grc'><em>21.</em></span> <span class='ocrx_word' id='word_1_48' title='bbox 1027 931 1107 1010; x_wconf 95' lang='grc'>478,</span> <span class='ocrx_word' id='word_1_49' title='bbox 1124 931 1153 997; x_wconf 93' lang='grc'><em>9.</em></span> <span class='ocrx_word' id='word_1_50' title='bbox 1180 931 1253 1010; x_wconf 88' lang='grc'>831,</span> <span class='ocrx_word' id='word_1_51' title='bbox 1272 932 1301 996; x_wconf 93' lang='grc'><em>2.</em></span> <span class='ocrx_word' id='word_1_52' title='bbox 1328 931 1401 1006; x_wconf 89' lang='grc'>623,</span> <span class='ocrx_word' id='word_1_53' title='bbox 1419 928 1454 1011; x_wconf 87' lang='grc'><em>5)</em></span> 
     </span>
     <span class='ocr_line' id='line_1_6' title="bbox 130 1035 1452 1132; baseline 0.003 -34"><span class='ocrx_word' id='word_1_54' title='bbox 130 1035 260 1113; x_wconf 95' lang='grc'>806,12</span> <span class='ocrx_word' id='word_1_55' title='bbox 286 1037 343 1125; x_wconf 82' lang='grc' dir='ltr'><em>τήν</em></span> <span class='ocrx_word' id='word_1_56' title='bbox 366 1063 401 1104; x_wconf 90' lang='grc' dir='ltr'><em>τε</em></span> <span class='ocrx_word' id='word_1_57' title='bbox 425 1037 553 1130; x_wconf 78' lang='grc' dir='ltr'><em>ἐσθῆτα</em></span> <span class='ocrx_word' id='word_1_58' title='bbox 578 1039 637 1128; x_wconf 78' lang='grc' dir='ltr'><em>τὴν</em></span> <span class='ocrx_word' id='word_1_59' title='bbox 659 1040 870 1132; x_wconf 77' lang='grc' dir='ltr'><strong><em>στρατηγικὴν</em></strong></span> <span class='ocrx_word' id='word_1_60' title='bbox 892 1037 1085 1107; x_wconf 78' lang='grc' dir='ltr'><em>ἀπεδύσατο</em></span> <span class='ocrx_word' id='word_1_61' title='bbox 1104 1039 1147 1115; x_wconf 73' lang='grc' dir='ltr'><em>ὡς</em></span> <span class='ocrx_word' id='word_1_62' title='bbox 1170 1037 1262 1125; x_wconf 84' lang='grc' dir='ltr'><em>παρά</em></span> <span class='ocrx_word' id='word_1_63' title='bbox 1291 1035 1452 1126; x_wconf 85' lang='grc' dir='ltr'><em>τυράννου</em></span> 
     </span>
     <span class='ocr_line' id='line_1_7' title="bbox 33 1143 1453 1238; baseline -0.002 -26"><span class='ocrx_word' id='word_1_64' title='bbox 33 1192 42 1212; x_wconf 51' lang='lat' dir='ltr'>t</span> <span class='ocrx_word' id='word_1_65' title='bbox 129 1147 291 1233; x_wconf 77' lang='grc' dir='ltr'><em>δεδομένης</em></span> <span class='ocrx_word' id='word_1_66' title='bbox 314 1146 494 1233; x_wconf 74' lang='grc' dir='ltr'><em>ὑπερορῶν,</em></span> <span class='ocrx_word' id='word_1_67' title='bbox 517 1146 591 1212; x_wconf 82' lang='lat' dir='ltr'>Mfe.</span> <span class='ocrx_word' id='word_1_68' title='bbox 615 1151 799 1238; x_wconf 82' lang='grc' dir='ltr'><em>δεδομένην,</em></span> <span class='ocrx_word' id='word_1_69' title='bbox 822 1145 922 1212; x_wconf 80' lang='lat' dir='ltr'>deleto</span> <span class='ocrx_word' id='word_1_70' title='bbox 944 1147 1125 1233; x_wconf 72' lang='grc' dir='ltr'><em>ὑπερορῶν.</em></span> <span class='ocrx_word' id='word_1_71' title='bbox 1152 1184 1188 1192; x_wconf 83' lang='grc'><em>--</em></span> <span class='ocrx_word' id='word_1_72' title='bbox 1215 1143 1327 1224; x_wconf 89' lang='grc'>283,8</span> <span class='ocrx_word' id='word_1_73' title='bbox 1351 1145 1453 1231; x_wconf 80' lang='grc' dir='ltr'><em>ἄμφω</em></span> 
     </span>
     <span class='ocr_line' id='line_1_8' title="bbox 128 1250 1454 1341; baseline 0 -26"><span class='ocrx_word' id='word_1_74' title='bbox 128 1251 150 1315; x_wconf 81' lang='grc' dir='ltr'><em>δ’</em></span> <span class='ocrx_word' id='word_1_75' title='bbox 170 1250 212 1329; x_wconf 67' lang='grc' dir='ltr'><em>τίς</em></span> <span class='ocrx_word' id='word_1_76' title='bbox 235 1251 388 1318; x_wconf 82' lang='grc' dir='ltr'><em>ἀνόπλων</em></span> <span class='ocrx_word' id='word_1_77' title='bbox 414 1252 655 1341; x_wconf 80' lang='grc' dir='ltr'><em>κατεφρόνουν,</em></span> <span class='ocrx_word' id='word_1_78' title='bbox 683 1253 757 1320; x_wconf 82' lang='lat' dir='ltr'>Mfe.</span> <span class='ocrx_word' id='word_1_79' title='bbox 790 1264 853 1322; x_wconf 78' lang='grc' dir='ltr'><em>τῶν</em></span> <span class='ocrx_word' id='word_1_80' title='bbox 875 1255 1048 1339; x_wconf 78' lang='grc' dir='ltr'><em>πολεμίων.</em></span> <span class='ocrx_word' id='word_1_81' title='bbox 1085 1250 1251 1318; x_wconf 84' lang='lat' dir='ltr'>Genetivus</span> <span class='ocrx_word' id='word_1_82' title='bbox 1282 1271 1335 1334; x_wconf 92' lang='lat' dir='ltr'><em>pro</em></span> <span class='ocrx_word' id='word_1_83' title='bbox 1362 1251 1454 1316; x_wconf 89' lang='lat' dir='ltr'>attri-</span> 
     </span>
     <span class='ocr_line' id='line_1_9' title="bbox 127 1357 1454 1447; baseline 0.004 -27"><span class='ocrx_word' id='word_1_84' title='bbox 127 1357 333 1441; x_wconf 70' lang='grc'>001000011110</span> <span class='ocrx_word' id='word_1_85' title='bbox 356 1359 453 1426; x_wconf 72' lang='lat' dir='ltr'>deest:</span> <span class='ocrx_word' id='word_1_86' title='bbox 478 1360 590 1439; x_wconf 88' lang='grc'>523,6</span> <span class='ocrx_word' id='word_1_87' title='bbox 615 1359 713 1428; x_wconf 71' lang='grc' dir='ltr'><em>οὐδὲν</em></span> <span class='ocrx_word' id='word_1_88' title='bbox 735 1363 760 1427; x_wconf 88' lang='grc' dir='ltr'><em>δ</em></span> <span class='ocrx_word' id='word_1_89' title='bbox 784 1362 801 1426; x_wconf 86' lang='grc'>6</span> <span class='ocrx_word' id='word_1_90' title='bbox 824 1360 1011 1439; x_wconf 73' lang='grc' dir='ltr'><em>Λεύκολλος</em></span> <span class='ocrx_word' id='word_1_91' title='bbox 1035 1358 1125 1438; x_wconf 73' lang='grc' dir='ltr'><em>εἶδυός</em></span> <span class='ocrx_word' id='word_1_92' title='bbox 1153 1359 1231 1425; x_wconf 76' lang='lat' dir='ltr'>oded</span> <span class='ocrx_word' id='word_1_93' title='bbox 1258 1357 1454 1447; x_wconf 75' lang='grc' dir='ltr'><em>προμαθών,</em></span> 
     </span>
     <span class='ocr_line' id='line_1_10' title="bbox 127 1463 1453 1559; baseline 0.003 -30"><span class='ocrx_word' id='word_1_94' title='bbox 127 1463 193 1530; x_wconf 81' lang='lat' dir='ltr'>Mic.</span> <span class='ocrx_word' id='word_1_95' title='bbox 222 1465 356 1534; x_wconf 76' lang='grc' dir='ltr'><em>τούτων.</em></span> <span class='ocrx_word' id='word_1_96' title='bbox 404 1468 482 1545; x_wconf 88' lang='grc'>961,</span> <span class='ocrx_word' id='word_1_97' title='bbox 505 1468 548 1533; x_wconf 91' lang='grc'><em>24</em></span> <span class='ocrx_word' id='word_1_98' title='bbox 572 1467 612 1535; x_wconf 74' lang='lat' dir='ltr'><em>ori</em></span> <span class='ocrx_word' id='word_1_99' title='bbox 635 1477 762 1554; x_wconf 82' lang='grc' dir='ltr'><em>χείρους</em></span> <span class='ocrx_word' id='word_1_100' title='bbox 785 1468 817 1547; x_wconf 88' lang='grc' dir='ltr'><em>ἐς</em></span> <span class='ocrx_word' id='word_1_101' title='bbox 841 1477 1003 1559; x_wconf 82' lang='grc' dir='ltr'><em>σωτηρίαν</em></span> <span class='ocrx_word' id='word_1_102' title='bbox 1030 1466 1179 1553; x_wconf 78' lang='grc' dir='ltr'><em>ἐσόμεθα</em></span> <span class='ocrx_word' id='word_1_103' title='bbox 1207 1475 1272 1534; x_wconf 86' lang='grc' dir='ltr'><em>τῶν</em></span> <span class='ocrx_word' id='word_1_104' title='bbox 1296 1475 1453 1557; x_wconf 77' lang='grc' dir='ltr'><em>μητέρων,</em></span> 
     </span>
     <span class='ocr_line' id='line_1_11' title="bbox 128 1569 1453 1666; baseline 0.002 -29"><span class='ocrx_word' id='word_1_105' title='bbox 128 1569 191 1638; x_wconf 72' lang='lat' dir='ltr'>Mic.</span> <span class='ocrx_word' id='word_1_106' title='bbox 218 1572 251 1651; x_wconf 84' lang='grc' dir='ltr'><em>ές</em></span> <span class='ocrx_word' id='word_1_107' title='bbox 283 1581 443 1664; x_wconf 88' lang='grc' dir='ltr'><em>σωτηρίαν</em></span> <span class='ocrx_word' id='word_1_108' title='bbox 479 1585 534 1666; x_wconf 80' lang='grc' dir='ltr'><em>τῆς</em></span> <span class='ocrx_word' id='word_1_109' title='bbox 573 1580 738 1660; x_wconf 91' lang='grc' dir='ltr'><em>πατρίδος.</em></span> <span class='ocrx_word' id='word_1_110' title='bbox 772 1576 852 1654; x_wconf 89' lang='grc'>414,</span> <span class='ocrx_word' id='word_1_111' title='bbox 883 1577 925 1642; x_wconf 92' lang='grc'><em>20</em></span> <span class='ocrx_word' id='word_1_112' title='bbox 961 1575 1073 1663; x_wconf 67' lang='lat' dir='ltr'>(Mis).</span> <span class='ocrx_word' id='word_1_113' title='bbox 1127 1575 1208 1654; x_wconf 92' lang='grc'>469,</span> <span class='ocrx_word' id='word_1_114' title='bbox 1243 1575 1263 1639; x_wconf 95' lang='grc'>6</span> <span class='ocrx_word' id='word_1_115' title='bbox 1296 1572 1453 1656; x_wconf 73' lang='grc'>(8011010.)</span> 
     </span>
     <span class='ocr_line' id='line_1_12' title="bbox 128 1679 411 1765; baseline 0.021 -24"><span class='ocrx_word' id='word_1_116' title='bbox 128 1679 272 1757; x_wconf 91' lang='grc'>1096,11</span> <span class='ocrx_word' id='word_1_117' title='bbox 299 1681 411 1765; x_wconf 73' lang='grc' dir='ltr'><em>(Μία).</em></span> 
     </span>
    </p>
   </div>
   <div class='ocr_carea' id='block_1_4' title="bbox 25 1804 1511 4752">
    <p class='ocr_par' dir='ltr' id='par_1_4' title="bbox 25 1804 1455 2644">
     <span class='ocr_line' id='line_1_13' title="bbox 224 1804 1451 1892; baseline 0 -22"><span class='ocrx_word' id='word_1_118' title='bbox 224 1805 305 1870; x_wconf 81' lang='lat' dir='ltr'><em>Tum</em></span> <span class='ocrx_word' id='word_1_119' title='bbox 329 1804 479 1872; x_wconf 82' lang='lat' dir='ltr'>dativus</span> <span class='ocrx_word' id='word_1_120' title='bbox 501 1826 564 1890; x_wconf 90' lang='lat' dir='ltr'><em>pro</em></span> <span class='ocrx_word' id='word_1_121' title='bbox 586 1807 732 1874; x_wconf 82' lang='lat' dir='ltr'>obiecto</span> <span class='ocrx_word' id='word_1_122' title='bbox 753 1807 898 1891; x_wconf 88' lang='lat' dir='ltr'>positus</span> <span class='ocrx_word' id='word_1_123' title='bbox 912 1806 1079 1890; x_wconf 83' lang='lat' dir='ltr'>requiritur</span> <span class='ocrx_word' id='word_1_124' title='bbox 1094 1805 1268 1892; x_wconf 80' lang='lat' dir='ltr'>(praecipue</span> <span class='ocrx_word' id='word_1_125' title='bbox 1288 1823 1451 1889; x_wconf 90' lang='lat' dir='ltr'>pronomen</span> 
     </span>
     <span class='ocr_line' id='line_1_14' title="bbox 32 1908 1455 2002; baseline 0.004 -26"><span class='ocrx_word' id='word_1_126' title='bbox 32 1958 41 1990; x_wconf 91' lang='grc'>,</span> <span class='ocrx_word' id='word_1_127' title='bbox 126 1908 171 1998; x_wconf 74' lang='lat' dir='ltr'><em>oi)</em></span> <span class='ocrx_word' id='word_1_128' title='bbox 199 1913 241 1977; x_wconf 90' lang='grc'><em>48</em></span> <span class='ocrx_word' id='word_1_129' title='bbox 264 1911 352 1992; x_wconf 78' lang='lat' dir='ltr'>loeis,</span> <span class='ocrx_word' id='word_1_130' title='bbox 375 1932 391 1978; x_wconf 88' lang='lat' dir='ltr'><em>e</em></span> <span class='ocrx_word' id='word_1_131' title='bbox 414 1914 526 1999; x_wconf 89' lang='lat' dir='ltr'>quibus</span> <span class='ocrx_word' id='word_1_132' title='bbox 552 1916 593 1981; x_wconf 86' lang='lat'><em>37</em></span> <span class='ocrx_word' id='word_1_133' title='bbox 617 1915 691 1983; x_wconf 89' lang='lat' dir='ltr'>Mfo.</span> <span class='ocrx_word' id='word_1_134' title='bbox 717 1916 812 1980; x_wconf 91' lang='lat' dir='ltr'>semel</span> <span class='ocrx_word' id='word_1_135' title='bbox 835 1914 963 1983; x_wconf 81' lang='lat' dir='ltr'>Sohwfo.</span> <span class='ocrx_word' id='word_1_136' title='bbox 988 1913 1169 2002; x_wconf 88' lang='grc'>(538,14),</span> <span class='ocrx_word' id='word_1_137' title='bbox 1194 1915 1233 1983; x_wconf 85' lang='lat' dir='ltr'>ef.</span> <span class='ocrx_word' id='word_1_138' title='bbox 1259 1914 1394 1995; x_wconf 84' lang='grc'>733,11</span> <span class='ocrx_word' id='word_1_139' title='bbox 1421 1915 1455 1981; x_wconf 81' lang='grc' dir='ltr'><em>οἱ</em></span> 
     </span>
     <span class='ocr_line' id='line_1_15' title="bbox 124 2019 1453 2112; baseline 0.002 -26"><span class='ocrx_word' id='word_1_140' title='bbox 124 2019 179 2101; x_wconf 78' lang='grc' dir='ltr'><em>μέν</em></span> <span class='ocrx_word' id='word_1_141' title='bbox 200 2021 356 2106; x_wconf 87' lang='grc' dir='ltr'><em>άρχοντες</em></span> <span class='ocrx_word' id='word_1_142' title='bbox 377 2020 483 2088; x_wconf 79' lang='grc' dir='ltr'><em>αὐτοῦ</em></span> <span class='ocrx_word' id='word_1_143' title='bbox 506 2020 747 2110; x_wconf 88' lang='grc' dir='ltr'><em>προσπεσόντες</em></span> <span class='ocrx_word' id='word_1_144' title='bbox 769 2023 927 2091; x_wconf 80' lang='grc' dir='ltr'><em>ἱκέτευον.</em></span> <span class='ocrx_word' id='word_1_145' title='bbox 954 2023 1069 2101; x_wconf 90' lang='grc'>642,9</span> <span class='ocrx_word' id='word_1_146' title='bbox 1097 2023 1166 2108; x_wconf 75' lang='grc' dir='ltr'><em>ᾔτει</em></span> <span class='ocrx_word' id='word_1_147' title='bbox 1193 2022 1219 2089; x_wconf 86' lang='grc' dir='ltr'><em>δ’</em></span> <span class='ocrx_word' id='word_1_148' title='bbox 1242 2021 1367 2100; x_wconf 83' lang='grc' dir='ltr'><em>αυ’τούς</em></span> <span class='ocrx_word' id='word_1_149' title='bbox 1394 2020 1453 2112; x_wconf 76' lang='grc' dir='ltr'><em>τήν</em></span> 
     </span>
     <span class='ocr_line' id='line_1_16' title="bbox 125 2125 1451 2221; baseline 0.004 -31"><span class='ocrx_word' id='word_1_150' title='bbox 125 2149 156 2191; x_wconf 88' lang='grc' dir='ltr'><em>τε</em></span> <span class='ocrx_word' id='word_1_151' title='bbox 170 2125 302 2204; x_wconf 86' lang='grc' dir='ltr'><em>ἀξίωσιν</em></span> <span class='ocrx_word' id='word_1_152' title='bbox 316 2129 371 2195; x_wconf 80' lang='grc' dir='ltr'><em>καὶ</em></span> <span class='ocrx_word' id='word_1_153' title='bbox 385 2136 577 2215; x_wconf 79' lang='grc' dir='ltr'><em>περιουσίαν</em></span> <span class='ocrx_word' id='word_1_154' title='bbox 592 2132 648 2197; x_wconf 78' lang='grc' dir='ltr'><em>καί</em></span> <span class='ocrx_word' id='word_1_155' title='bbox 661 2130 839 2221; x_wconf 72' lang='grc' dir='ltr'><em>ἱερωσύνην</em></span> <span class='ocrx_word' id='word_1_156' title='bbox 850 2181 948 2197; x_wconf 89' lang='grc'>......</span> <span class='ocrx_word' id='word_1_157' title='bbox 972 2128 1086 2218; x_wconf 81' lang='grc' dir='ltr'><em>ἐντελῆ</em></span> <span class='ocrx_word' id='word_1_158' title='bbox 1102 2129 1212 2197; x_wconf 90' lang='grc' dir='ltr'><em>πάντα</em></span> <span class='ocrx_word' id='word_1_159' title='bbox 1232 2129 1451 2219; x_wconf 79' lang='grc' dir='ltr'><em>ἀποδοθῆναι,</em></span> 
     </span>
     <span class='ocr_line' id='line_1_17' title="bbox 25 2233 1450 2331; baseline 0.004 -34"><span class='ocrx_word' id='word_1_160' title='bbox 25 2281 30 2304; x_wconf 80' lang='grc'>,</span> <span class='ocrx_word' id='word_1_161' title='bbox 123 2250 160 2297; x_wconf 82' lang='lat' dir='ltr'>so.</span> <span class='ocrx_word' id='word_1_162' title='bbox 184 2234 281 2321; x_wconf 77' lang='grc' dir='ltr'><em>αὑτῷ.</em></span> <span class='ocrx_word' id='word_1_163' title='bbox 307 2234 419 2312; x_wconf 89' lang='grc'>579,9</span> <span class='ocrx_word' id='word_1_164' title='bbox 444 2233 480 2302; x_wconf 85' lang='grc' dir='ltr'><em>ἐν</em></span> <span class='ocrx_word' id='word_1_165' title='bbox 503 2236 607 2331; x_wconf 73' lang='grc' dir='ltr'><em>ἀγορᾷ</em></span> <span class='ocrx_word' id='word_1_166' title='bbox 630 2238 687 2304; x_wconf 86' lang='grc' dir='ltr'><em>τὸν</em></span> <span class='ocrx_word' id='word_1_167' title='bbox 710 2237 782 2306; x_wconf 80' lang='grc' dir='ltr'><em>υἱόν</em></span> <span class='ocrx_word' id='word_1_168' title='bbox 805 2236 935 2323; x_wconf 89' lang='grc' dir='ltr'><em>ἐπάγων</em></span> <span class='ocrx_word' id='word_1_169' title='bbox 958 2236 1104 2316; x_wconf 77' lang='grc' dir='ltr'><em>ἑκάστοις</em></span> <span class='ocrx_word' id='word_1_170' title='bbox 1126 2243 1257 2327; x_wconf 85' lang='grc' dir='ltr'><em>συνίστη</em></span> <span class='ocrx_word' id='word_1_171' title='bbox 1273 2239 1329 2304; x_wconf 82' lang='grc' dir='ltr'><em>καὶ</em></span> <span class='ocrx_word' id='word_1_172' title='bbox 1351 2260 1450 2324; x_wconf 87' lang='grc' dir='ltr'><em>παρε-</em></span> 
     </span>
     <span class='ocr_line' id='line_1_18' title="bbox 124 2342 1452 2430; baseline 0.004 -27"><span class='ocrx_word' id='word_1_173' title='bbox 124 2345 231 2406; x_wconf 86' lang='grc' dir='ltr'><em>τίθετο</em></span> <span class='ocrx_word' id='word_1_174' title='bbox 253 2342 296 2419; x_wconf 73' lang='grc' dir='ltr'><em>οἷς</em></span> <span class='ocrx_word' id='word_1_175' title='bbox 315 2377 354 2388; x_wconf 89' lang='grc'>-</span> <span class='ocrx_word' id='word_1_176' title='bbox 371 2342 599 2429; x_wconf 74' lang='grc' dir='ltr'><em>ἀπολούμενος</em></span> <span class='ocrx_word' id='word_1_177' title='bbox 622 2343 782 2428; x_wconf 74' lang='grc' dir='ltr'><em>(ἑκάστοις</em></span> <span class='ocrx_word' id='word_1_178' title='bbox 805 2343 955 2428; x_wconf 79' lang='lat' dir='ltr'>dependet</span> <span class='ocrx_word' id='word_1_179' title='bbox 970 2343 1009 2410; x_wconf 83' lang='lat' dir='ltr'><em>ab</em></span> <span class='ocrx_word' id='word_1_180' title='bbox 1025 2343 1168 2430; x_wconf 79' lang='grc' dir='ltr'><em>ἐπάγων)</em></span> <span class='ocrx_word' id='word_1_181' title='bbox 1193 2342 1245 2423; x_wconf 84' lang='grc'><em>84,</em></span> <span class='ocrx_word' id='word_1_182' title='bbox 1262 2344 1305 2410; x_wconf 92' lang='grc'><em>20</em></span> <span class='ocrx_word' id='word_1_183' title='bbox 1328 2344 1452 2430; x_wconf 90' lang='grc' dir='ltr'><em>δωρεάς</em></span> 
     </span>
     <span class='ocr_line' id='line_1_19' title="bbox 122 2449 1450 2543; baseline 0.005 -33"><span class='ocrx_word' id='word_1_184' title='bbox 122 2469 155 2510; x_wconf 89' lang='grc' dir='ltr'><em>τε</em></span> <span class='ocrx_word' id='word_1_185' title='bbox 177 2455 321 2534; x_wconf 80' lang='grc' dir='ltr'><em>φέροντα</em></span> <span class='ocrx_word' id='word_1_186' title='bbox 337 2452 398 2520; x_wconf 78' lang='grc' dir='ltr'><em>,καὶ</em></span> <span class='ocrx_word' id='word_1_187' title='bbox 421 2459 485 2518; x_wconf 80' lang='grc' dir='ltr'><em>τῶν</em></span> <span class='ocrx_word' id='word_1_188' title='bbox 498 2451 690 2520; x_wconf 78' lang='grc' dir='ltr'><em>Σκιπιιόνων</em></span> <span class='ocrx_word' id='word_1_189' title='bbox 709 2450 889 2543; x_wconf 79' lang='grc' dir='ltr'><em>όπόμυησιν</em></span> <span class='ocrx_word' id='word_1_190' title='bbox 912 2459 966 2540; x_wconf 80' lang='grc' dir='ltr'><em>της</em></span> <span class='ocrx_word' id='word_1_191' title='bbox 990 2449 1022 2529; x_wconf 82' lang='grc' dir='ltr'><em>ἐς</em></span> <span class='ocrx_word' id='word_1_192' title='bbox 1045 2450 1149 2518; x_wconf 73' lang='grc' dir='ltr'><em>αὐτόν</em></span> <span class='ocrx_word' id='word_1_193' title='bbox 1162 2449 1308 2539; x_wconf 84' lang='grc' dir='ltr'><em>Σόφακα</em></span> <span class='ocrx_word' id='word_1_194' title='bbox 1332 2453 1450 2539; x_wconf 79' lang='grc' dir='ltr'><em>φιλίας,</em></span> 
     </span>
     <span class='ocr_line' id='line_1_20' title="bbox 123 2553 1448 2644; baseline 0.005 -30"><span class='ocrx_word' id='word_1_195' title='bbox 123 2555 175 2619; x_wconf 81' lang='grc' dir='ltr'><em>καὶ</em></span> <span class='ocrx_word' id='word_1_196' title='bbox 195 2557 303 2644; x_wconf 87' lang='grc' dir='ltr'><em>δέησιν</em></span> <span class='ocrx_word' id='word_1_197' title='bbox 314 2553 484 2641; x_wconf 87' lang='grc' dir='ltr'><em>Ῥωμαίων,</em></span> <span class='ocrx_word' id='word_1_198' title='bbox 507 2561 551 2626; x_wconf 82' lang='grc' dir='ltr'><em>ἀν</em></span> <span class='ocrx_word' id='word_1_199' title='bbox 566 2558 689 2636; x_wconf 84' lang='grc' dir='ltr'><em>ἐπίωσι,</em></span> <span class='ocrx_word' id='word_1_200' title='bbox 714 2557 955 2644; x_wconf 79' lang='grc' dir='ltr'><em>συλλαμβάνειν</em></span> <span class='ocrx_word' id='word_1_201' title='bbox 970 2556 1028 2644; x_wconf 88' lang='grc' dir='ltr'><em>(Μ.</em></span> <span class='ocrx_word' id='word_1_202' title='bbox 1046 2556 1091 2623; x_wconf 82' lang='grc'><em>81.</em></span> <span class='ocrx_word' id='word_1_203' title='bbox 1107 2555 1197 2623; x_wconf 88' lang='lat' dir='ltr'>Mfm.</span> <span class='ocrx_word' id='word_1_204' title='bbox 1213 2556 1246 2622; x_wconf 89' lang='lat' dir='ltr'><em>in</em></span> <span class='ocrx_word' id='word_1_205' title='bbox 1260 2557 1448 2642; x_wconf 86' lang='grc' dir='ltr'><em>Ῥωμαίοις).</em></span> 
     </span>
    </p>

    <p class='ocr_par' dir='ltr' id='par_1_5' title="bbox 116 2677 1449 3626">
     <span class='ocr_line' id='line_1_21' title="bbox 225 2677 1448 2767; baseline 0.001 -23"><span class='ocrx_word' id='word_1_206' title='bbox 225 2677 509 2748; x_wconf 85' lang='lat' dir='ltr'>Substantivnm</span> <span class='ocrx_word' id='word_1_207' title='bbox 531 2702 611 2748; x_wconf 91' lang='lat' dir='ltr'><em>oum</em></span> <span class='ocrx_word' id='word_1_208' title='bbox 633 2683 910 2767; x_wconf 84' lang='lat' dir='ltr'>praepositione</span> <span class='ocrx_word' id='word_1_209' title='bbox 938 2683 1175 2750; x_wconf 81' lang='lat' dir='ltr'>coniunctum</span> <span class='ocrx_word' id='word_1_210' title='bbox 1202 2682 1287 2748; x_wconf 85' lang='lat' dir='ltr'>deest</span> <span class='ocrx_word' id='word_1_211' title='bbox 1309 2681 1388 2758; x_wconf 89' lang='grc'><em>005,</em></span> <span class='ocrx_word' id='word_1_212' title='bbox 1406 2681 1448 2745; x_wconf 90' lang='grc'><em>23</em></span> 
     </span>
     <span class='ocr_line' id='line_1_22' title="bbox 122 2785 1449 2881; baseline 0.005 -34"><span class='ocrx_word' id='word_1_213' title='bbox 122 2785 178 2848; x_wconf 88' lang='grc' dir='ltr'><em>δόο</em></span> <span class='ocrx_word' id='word_1_214' title='bbox 201 2785 237 2851; x_wconf 79' lang='grc' dir='ltr'><em>δέ</em></span> <span class='ocrx_word' id='word_1_215' title='bbox 258 2789 314 2854; x_wconf 83' lang='grc' dir='ltr'><em>καὶ</em></span> <span class='ocrx_word' id='word_1_216' title='bbox 337 2787 411 2855; x_wconf 89' lang='grc' dir='ltr'><em>τότε</em></span> <span class='ocrx_word' id='word_1_217' title='bbox 433 2798 512 2868; x_wconf 82' lang='grc' dir='ltr'><em>ναός</em></span> <span class='ocrx_word' id='word_1_218' title='bbox 535 2789 811 2874; x_wconf 88' lang='grc' dir='ltr'><em>ἀποβαλόντες-</em></span> <span class='ocrx_word' id='word_1_219' title='bbox 824 2810 865 2857; x_wconf 80' lang='lat' dir='ltr'>eo.</span> <span class='ocrx_word' id='word_1_220' title='bbox 883 2790 916 2870; x_wconf 90' lang='grc' dir='ltr'><em>ἐς</em></span> <span class='ocrx_word' id='word_1_221' title='bbox 931 2789 990 2881; x_wconf 78' lang='grc' dir='ltr'><em>τὴν</em></span> <span class='ocrx_word' id='word_1_222' title='bbox 1005 2790 1449 2879; x_wconf 75' lang='grc' dir='ltr'><em>πόλιν-συνεκλεισθησαν,</em></span> 
     </span>
     <span class='ocr_line' id='line_1_23' title="bbox 120 2887 1449 2987; baseline 0.005 -33"><span class='ocrx_word' id='word_1_223' title='bbox 120 2887 192 2956; x_wconf 84' lang='lat' dir='ltr'>Mfo.</span> <span class='ocrx_word' id='word_1_224' title='bbox 217 2893 290 2972; x_wconf 93' lang='grc'>291,</span> <span class='ocrx_word' id='word_1_225' title='bbox 308 2894 327 2959; x_wconf 96' lang='grc'>5</span> <span class='ocrx_word' id='word_1_226' title='bbox 352 2894 476 2963; x_wconf 78' lang='grc' dir='ltr'><em>ἐσιοῦσι</em></span> <span class='ocrx_word' id='word_1_227' title='bbox 498 2898 535 2964; x_wconf 80' lang='grc' dir='ltr'><em>δέ</em></span> <span class='ocrx_word' id='word_1_228' title='bbox 557 2935 601 2944; x_wconf 96' lang='grc'>-</span> <span class='ocrx_word' id='word_1_229' title='bbox 624 2917 665 2964; x_wconf 84' lang='lat' dir='ltr'><em>se.</em></span> <span class='ocrx_word' id='word_1_230' title='bbox 690 2897 722 2976; x_wconf 87' lang='grc' dir='ltr'><em>ἐς</em></span> <span class='ocrx_word' id='word_1_231' title='bbox 746 2898 782 2964; x_wconf 83' lang='grc' dir='ltr'><em>τό</em></span> <span class='ocrx_word' id='word_1_232' title='bbox 807 2897 1087 2987; x_wconf 88' lang='grc' dir='ltr'><em>στρατόπεδον-</em></span> <span class='ocrx_word' id='word_1_233' title='bbox 1104 2897 1137 2963; x_wconf 81' lang='lat' dir='ltr'><em>or‘</em></span> <span class='ocrx_word' id='word_1_234' title='bbox 1156 2893 1371 2986; x_wconf 84' lang='grc' dir='ltr'><em>Καρχηδόνιοι</em></span> <span class='ocrx_word' id='word_1_235' title='bbox 1393 2904 1449 2983; x_wconf 85' lang='grc' dir='ltr'><em>της</em></span> 
     </span>
     <span class='ocr_line' id='line_1_24' title="bbox 119 2994 1448 3092; baseline 0.006 -31"><span class='ocrx_word' id='word_1_236' title='bbox 119 2994 244 3077; x_wconf 88' lang='grc' dir='ltr'><em>πόλεως</em></span> <span class='ocrx_word' id='word_1_237' title='bbox 271 3002 482 3087; x_wconf 79' lang='grc' dir='ltr'><em>ἐκδραμόντες</em></span> <span class='ocrx_word' id='word_1_238' title='bbox 510 3003 676 3092; x_wconf 81' lang='grc' dir='ltr'><em>ὖπήντων,</em></span> <span class='ocrx_word' id='word_1_239' title='bbox 706 3004 780 3070; x_wconf 77' lang='grc' dir='ltr'><em>Μίυ.</em></span> <span class='ocrx_word' id='word_1_240' title='bbox 804 3007 846 3089; x_wconf 85' lang='lat' dir='ltr'><em>(v.</em></span> <span class='ocrx_word' id='word_1_241' title='bbox 872 3004 958 3071; x_wconf 81' lang='grc'>8111.</span> <span class='ocrx_word' id='word_1_242' title='bbox 983 3004 1073 3069; x_wconf 81' lang='lat' dir='ltr'>verba</span> <span class='ocrx_word' id='word_1_243' title='bbox 1098 3002 1131 3082; x_wconf 81' lang='grc' dir='ltr'><em>ἐς</em></span> <span class='ocrx_word' id='word_1_244' title='bbox 1154 3003 1190 3069; x_wconf 86' lang='grc' dir='ltr'><em>τό</em></span> <span class='ocrx_word' id='word_1_245' title='bbox 1215 3002 1448 3090; x_wconf 88' lang='grc' dir='ltr'><em>στρατόπεδον,</em></span> 
     </span>
     <span class='ocr_line' id='line_1_25' title="bbox 119 3103 1447 3192; baseline 0.004 -26"><span class='ocrx_word' id='word_1_246' title='bbox 119 3103 252 3169; x_wconf 75' lang='lat' dir='ltr'>ceterum</span> <span class='ocrx_word' id='word_1_247' title='bbox 275 3107 313 3173; x_wconf 83' lang='lat' dir='ltr'><em>os.</em></span> <span class='ocrx_word' id='word_1_248' title='bbox 339 3110 591 3190; x_wconf 89' lang='grc'>634,13-19.</span> <span class='ocrx_word' id='word_1_249' title='bbox 619 3113 695 3192; x_wconf 91' lang='grc'>765,</span> <span class='ocrx_word' id='word_1_250' title='bbox 712 3112 844 3179; x_wconf 86' lang='grc'>8-14,</span> <span class='ocrx_word' id='word_1_251' title='bbox 870 3112 949 3190; x_wconf 91' lang='grc'>879,</span> <span class='ocrx_word' id='word_1_252' title='bbox 968 3112 1002 3192; x_wconf 88' lang='grc'><em>1,</em></span> <span class='ocrx_word' id='word_1_253' title='bbox 1020 3113 1049 3177; x_wconf 91' lang='grc'><em>3.</em></span> <span class='ocrx_word' id='word_1_254' title='bbox 1075 3111 1153 3188; x_wconf 93' lang='grc'>880,</span> <span class='ocrx_word' id='word_1_255' title='bbox 1172 3111 1202 3175; x_wconf 89' lang='grc'>3.</span> <span class='ocrx_word' id='word_1_256' title='bbox 1228 3109 1306 3186; x_wconf 92' lang='grc'>882,</span> <span class='ocrx_word' id='word_1_257' title='bbox 1326 3107 1377 3185; x_wconf 88' lang='grc'><em>15,</em></span> <span class='ocrx_word' id='word_1_258' title='bbox 1394 3108 1447 3172; x_wconf 93' lang='grc'>26.</span> 
     </span>
     <span class='ocr_line' id='line_1_26' title="bbox 118 3209 1447 3306; baseline 0.005 -34"><span class='ocrx_word' id='word_1_259' title='bbox 118 3209 195 3288; x_wconf 91' lang='grc'>673,</span> <span class='ocrx_word' id='word_1_260' title='bbox 214 3213 263 3279; x_wconf 94' lang='grc'><em>18.</em></span> <span class='ocrx_word' id='word_1_261' title='bbox 282 3215 355 3293; x_wconf 87' lang='grc'>927,</span> <span class='ocrx_word' id='word_1_262' title='bbox 367 3218 420 3284; x_wconf 92' lang='grc'><em>22.</em></span> <span class='ocrx_word' id='word_1_263' title='bbox 438 3218 576 3294; x_wconf 68' lang='grc'>93710.</span> <span class='ocrx_word' id='word_1_264' title='bbox 594 3220 669 3297; x_wconf 89' lang='grc'>995,</span> <span class='ocrx_word' id='word_1_265' title='bbox 680 3221 733 3286; x_wconf 90' lang='grc'><em>23.</em></span> <span class='ocrx_word' id='word_1_266' title='bbox 753 3219 849 3300; x_wconf 88' lang='grc'>1032,</span> <span class='ocrx_word' id='word_1_267' title='bbox 866 3220 913 3306; x_wconf 87' lang='grc'><em>5);</em></span> <span class='ocrx_word' id='word_1_268' title='bbox 930 3218 1006 3283; x_wconf 89' lang='lat' dir='ltr'>item</span> <span class='ocrx_word' id='word_1_269' title='bbox 1020 3216 1095 3283; x_wconf 83' lang='lat' dir='ltr'>Mfo.</span> <span class='ocrx_word' id='word_1_270' title='bbox 1113 3216 1187 3296; x_wconf 88' lang='grc'>899,</span> <span class='ocrx_word' id='word_1_271' title='bbox 1203 3216 1223 3280; x_wconf 92' lang='grc'>9</span> <span class='ocrx_word' id='word_1_272' title='bbox 1240 3215 1271 3280; x_wconf 84' lang='grc'><em>01</em></span> <span class='ocrx_word' id='word_1_273' title='bbox 1288 3213 1384 3295; x_wconf 91' lang='grc'>1048,</span> <span class='ocrx_word' id='word_1_274' title='bbox 1394 3213 1447 3292; x_wconf 89' lang='grc'><em>22,</em></span> 
     </span>
     <span class='ocr_line' id='line_1_27' title="bbox 117 3315 1449 3415; baseline 0.006 -35"><span class='ocrx_word' id='word_1_275' title='bbox 117 3315 156 3380; x_wconf 81' lang='lat' dir='ltr'>ef.</span> <span class='ocrx_word' id='word_1_276' title='bbox 183 3318 237 3396; x_wconf 90' lang='grc'><em>58,</em></span> <span class='ocrx_word' id='word_1_277' title='bbox 254 3322 296 3384; x_wconf 88' lang='grc'><em>24</em></span> <span class='ocrx_word' id='word_1_278' title='bbox 320 3323 352 3388; x_wconf 82' lang='grc'><em>01</em></span> <span class='ocrx_word' id='word_1_279' title='bbox 376 3323 493 3404; x_wconf 89' lang='grc'>618,5</span> <span class='ocrx_word' id='word_1_280' title='bbox 520 3326 574 3408; x_wconf 88' lang='lat' dir='ltr'><em>qui</em></span> <span class='ocrx_word' id='word_1_281' title='bbox 596 3327 680 3392; x_wconf 84' lang='lat' dir='ltr'>loeus</span> <span class='ocrx_word' id='word_1_282' title='bbox 704 3324 899 3415; x_wconf 87' lang='grc' dir='ltr'><em>(ἐσέδραμον</em></span> <span class='ocrx_word' id='word_1_283' title='bbox 921 3325 1006 3393; x_wconf 77' lang='grc' dir='ltr'><em>ἔνθα</em></span> <span class='ocrx_word' id='word_1_284' title='bbox 1028 3324 1074 3414; x_wconf 80' lang='grc' dir='ltr'><em>μὴ</em></span> <span class='ocrx_word' id='word_1_285' title='bbox 1099 3328 1195 3408; x_wconf 87' lang='grc' dir='ltr'><em>θέμις</em></span> <span class='ocrx_word' id='word_1_286' title='bbox 1217 3317 1258 3411; x_wconf 73' lang='grc' dir='ltr'><em>ἦν</em></span> <span class='ocrx_word' id='word_1_287' title='bbox 1281 3320 1449 3410; x_wconf 88' lang='grc' dir='ltr'><em>ἀνδράσιν)</em></span> 
     </span>
     <span class='ocr_line' id='line_1_28' title="bbox 116 3423 1449 3522; baseline 0.008 -38"><span class='ocrx_word' id='word_1_288' title='bbox 116 3423 190 3504; x_wconf 86' lang='lat' dir='ltr'>apte</span> <span class='ocrx_word' id='word_1_289' title='bbox 211 3430 405 3511; x_wconf 88' lang='lat' dir='ltr'>eomparatur</span> <span class='ocrx_word' id='word_1_290' title='bbox 427 3450 496 3498; x_wconf 85' lang='lat' dir='ltr'><em>enm</em></span> <span class='ocrx_word' id='word_1_291' title='bbox 520 3432 586 3498; x_wconf 88' lang='lat' dir='ltr'>loeo</span> <span class='ocrx_word' id='word_1_292' title='bbox 610 3433 767 3512; x_wconf 88' lang='grc'>1033,11</span> <span class='ocrx_word' id='word_1_293' title='bbox 798 3430 981 3522; x_wconf 81' lang='grc' dir='ltr'><em>(παραδυός</em></span> <span class='ocrx_word' id='word_1_294' title='bbox 1004 3431 1040 3498; x_wconf 81' lang='grc' dir='ltr'><em>δέ</em></span> <span class='ocrx_word' id='word_1_295' title='bbox 1063 3429 1100 3497; x_wconf 84' lang='grc' dir='ltr'><em>τὸ</em></span> <span class='ocrx_word' id='word_1_296' title='bbox 1123 3439 1217 3514; x_wconf 79' lang='grc' dir='ltr'><em>σῶμα</em></span> <span class='ocrx_word' id='word_1_297' title='bbox 1240 3438 1308 3504; x_wconf 84' lang='grc' dir='ltr'><em>τοῖς</em></span> <span class='ocrx_word' id='word_1_298' title='bbox 1331 3429 1449 3516; x_wconf 84' lang='grc' dir='ltr'><em>φίλους,</em></span> 
     </span>
     <span class='ocr_line' id='line_1_29' title="bbox 117 3525 593 3626; baseline 0.032 -35"><span class='ocrx_word' id='word_1_299' title='bbox 117 3525 206 3594; x_wconf 79' lang='grc' dir='ltr'><em>ἔνθα</em></span> <span class='ocrx_word' id='word_1_300' title='bbox 227 3534 395 3622; x_wconf 85' lang='grc' dir='ltr'><em>λαθραίως</em></span> <span class='ocrx_word' id='word_1_301' title='bbox 418 3538 593 3626; x_wconf 80' lang='grc' dir='ltr'><em>θάψειαν).</em></span> 
     </span>
    </p>

    <p class='ocr_par' dir='ltr' id='par_1_6' title="bbox 109 3658 1456 4075">
     <span class='ocr_line' id='line_1_30' title="bbox 224 3658 1449 3748; baseline 0 -23"><span class='ocrx_word' id='word_1_302' title='bbox 224 3658 407 3744; x_wconf 81' lang='lat' dir='ltr'>Saepissime</span> <span class='ocrx_word' id='word_1_303' title='bbox 423 3662 507 3728; x_wconf 85' lang='lat' dir='ltr'>deest</span> <span class='ocrx_word' id='word_1_304' title='bbox 522 3663 618 3729; x_wconf 91' lang='lat' dir='ltr'>etiam</span> <span class='ocrx_word' id='word_1_305' title='bbox 632 3664 879 3748; x_wconf 81' lang='lat' dir='ltr'>participium</span> <span class='ocrx_word' id='word_1_306' title='bbox 896 3665 956 3741; x_wconf 81' lang='grc' dir='ltr'><em>ὤν,</em></span> <span class='ocrx_word' id='word_1_307' title='bbox 973 3662 1012 3730; x_wconf 89' lang='lat' dir='ltr'><em>of.</em></span> <span class='ocrx_word' id='word_1_308' title='bbox 1030 3661 1104 3739; x_wconf 89' lang='grc'>606,</span> <span class='ocrx_word' id='word_1_309' title='bbox 1120 3661 1140 3725; x_wconf 92' lang='grc'>5</span> <span class='ocrx_word' id='word_1_310' title='bbox 1157 3668 1351 3746; x_wconf 79' lang='grc' dir='ltr'><em>ουὲυαφρου</em></span> <span class='ocrx_word' id='word_1_311' title='bbox 1366 3658 1449 3725; x_wconf 74' lang='grc' dir='ltr'><em>ἑλόν</em></span> 
     </span>
     <span class='ocr_line' id='line_1_31' title="bbox 112 3762 1448 3858; baseline 0.001 -30"><span class='ocrx_word' id='word_1_312' title='bbox 112 3763 151 3829; x_wconf 79' lang='grc' dir='ltr'><em>ἐκ</em></span> <span class='ocrx_word' id='word_1_313' title='bbox 183 3771 357 3854; x_wconf 89' lang='grc' dir='ltr'><em>προδοσίας</em></span> <span class='ocrx_word' id='word_1_314' title='bbox 384 3768 505 3837; x_wconf 81' lang='grc' dir='ltr'><em>ἔκτεινε</em></span> <span class='ocrx_word' id='word_1_315' title='bbox 531 3771 591 3838; x_wconf 84' lang='grc' dir='ltr'><em>δάο</em></span> <span class='ocrx_word' id='word_1_316' title='bbox 613 3772 777 3856; x_wconf 84' lang='grc' dir='ltr'><em>Ῥωμαίων</em></span> <span class='ocrx_word' id='word_1_317' title='bbox 806 3778 941 3858; x_wconf 78' lang='grc' dir='ltr'><em>σπείρας</em></span> <span class='ocrx_word' id='word_1_318' title='bbox 964 3807 1006 3818; x_wconf 89' lang='grc'>-</span> <span class='ocrx_word' id='word_1_319' title='bbox 1030 3788 1071 3837; x_wconf 81' lang='lat' dir='ltr'>eo.</span> <span class='ocrx_word' id='word_1_320' title='bbox 1099 3767 1200 3844; x_wconf 81' lang='grc' dir='ltr'><em>οὔσας</em></span> <span class='ocrx_word' id='word_1_321' title='bbox 1223 3801 1266 3811; x_wconf 91' lang='grc'>-</span> <span class='ocrx_word' id='word_1_322' title='bbox 1290 3762 1326 3832; x_wconf 76' lang='grc' dir='ltr'><em>ἐν</em></span> <span class='ocrx_word' id='word_1_323' title='bbox 1354 3763 1448 3852; x_wconf 73' lang='grc' dir='ltr'><em>αδτῇ,</em></span> 
     </span>
     <span class='ocr_line' id='line_1_32' title="bbox 111 3869 1447 3968; baseline 0.003 -35"><span class='ocrx_word' id='word_1_324' title='bbox 111 3869 192 3938; x_wconf 80' lang='grc'>1110.</span> <span class='ocrx_word' id='word_1_325' title='bbox 217 3874 290 3952; x_wconf 89' lang='grc'>887,</span> <span class='ocrx_word' id='word_1_326' title='bbox 309 3874 351 3939; x_wconf 89' lang='grc'><em>13</em></span> <span class='ocrx_word' id='word_1_327' title='bbox 366 3877 480 3945; x_wconf 85' lang='grc' dir='ltr'><em>καλεῖν</em></span> <span class='ocrx_word' id='word_1_328' title='bbox 495 3877 598 3945; x_wconf 77' lang='grc' dir='ltr'><em>αὐτόν</em></span> <span class='ocrx_word' id='word_1_329' title='bbox 613 3877 645 3957; x_wconf 94' lang='grc' dir='ltr'><em>ἐς</em></span> <span class='ocrx_word' id='word_1_330' title='bbox 660 3886 764 3966; x_wconf 90' lang='grc' dir='ltr'><em>κρίσιν</em></span> <span class='ocrx_word' id='word_1_331' title='bbox 778 3879 899 3968; x_wconf 77' lang='grc' dir='ltr'><em>η’ξίουν,</em></span> <span class='ocrx_word' id='word_1_332' title='bbox 922 3879 964 3957; x_wconf 79' lang='grc' dir='ltr'><em>ὥς</em></span> <span class='ocrx_word' id='word_1_333' title='bbox 980 3876 1020 3943; x_wconf 75' lang='grc' dir='ltr'><em>οὐ</em></span> <span class='ocrx_word' id='word_1_334' title='bbox 1035 3874 1174 3964; x_wconf 87' lang='grc' dir='ltr'><em>πάτριον</em></span> <span class='ocrx_word' id='word_1_335' title='bbox 1188 3879 1299 3961; x_wconf 83' lang='grc' dir='ltr'><em>σφίσιν</em></span> <span class='ocrx_word' id='word_1_336' title='bbox 1314 3870 1447 3958; x_wconf 87' lang='grc' dir='ltr'><em>ἀκρίτου</em></span> 
     </span>
     <span class='ocr_line' id='line_1_33' title="bbox 109 3980 1456 4075; baseline 0.019 -35"><span class='ocrx_word' id='word_1_337' title='bbox 109 3980 347 4058; x_wconf 84' lang='grc' dir='ltr'><em>καταδικάζειν,</em></span> <span class='ocrx_word' id='word_1_338' title='bbox 371 3982 459 4051; x_wconf 82' lang='lat' dir='ltr'>vae.</span> <span class='ocrx_word' id='word_1_339' title='bbox 486 3984 526 4062; x_wconf 74' lang='grc' dir='ltr'><em>αἷς</em></span> <span class='ocrx_word' id='word_1_340' title='bbox 550 3984 590 4051; x_wconf 79' lang='grc' dir='ltr'><em>οδ</em></span> <span class='ocrx_word' id='word_1_341' title='bbox 613 3985 755 4075; x_wconf 85' lang='grc' dir='ltr'><em>πάτριον</em></span> <span class='ocrx_word' id='word_1_342' title='bbox 776 3988 823 4055; x_wconf 83' lang='grc' dir='ltr'><em>ὂν.</em></span> <span class='ocrx_word' id='word_1_343' title='bbox 1453 3995 1456 4005; x_wconf 65' lang='grc'><strong>“</strong></span> 
     </span>
    </p>

    <p class='ocr_par' dir='ltr' id='par_1_7' title="bbox 106 4099 1511 4403">
     <span class='ocr_line' id='line_1_34' title="bbox 223 4099 1447 4201; baseline -0.002 -32"><span class='ocrx_word' id='word_1_344' title='bbox 223 4106 296 4184; x_wconf 85' lang='grc'>789,</span> <span class='ocrx_word' id='word_1_345' title='bbox 313 4105 355 4170; x_wconf 90' lang='grc'><em>26</em></span> <span class='ocrx_word' id='word_1_346' title='bbox 380 4109 398 4173; x_wconf 82' lang='grc' dir='ltr'><em>ό</em></span> <span class='ocrx_word' id='word_1_347' title='bbox 422 4109 458 4175; x_wconf 83' lang='grc' dir='ltr'><em>δέ</em></span> <span class='ocrx_word' id='word_1_348' title='bbox 473 4118 601 4197; x_wconf 81' lang='grc' dir='ltr'><em>Καῖσαρ</em></span> <span class='ocrx_word' id='word_1_349' title='bbox 626 4110 658 4188; x_wconf 85' lang='grc' dir='ltr'><em>ἐς</em></span> <span class='ocrx_word' id='word_1_350' title='bbox 668 4109 791 4201; x_wconf 80' lang='grc' dir='ltr'><em>Ῥώμην</em></span> <span class='ocrx_word' id='word_1_351' title='bbox 812 4109 1041 4201; x_wconf 52' lang='lat' dir='ltr'>desiperem..</span> <span class='ocrx_word' id='word_1_352' title='bbox 1066 4105 1122 4174; x_wconf 74' lang='grc' dir='ltr'><em>ἐπὶ</em></span> <span class='ocrx_word' id='word_1_353' title='bbox 1144 4104 1253 4194; x_wconf 82' lang='grc' dir='ltr'><em>φόβου</em></span> <span class='ocrx_word' id='word_1_354' title='bbox 1277 4104 1333 4168; x_wconf 80' lang='grc' dir='ltr'><em>καὶ</em></span> <span class='ocrx_word' id='word_1_355' title='bbox 1355 4099 1447 4192; x_wconf 87' lang='grc' dir='ltr'><em>δόξης</em></span> 
     </span>
     <span class='ocr_line' id='line_1_35' title="bbox 108 4205 1511 4306; baseline -0.004 -30"><span class='ocrx_word' id='word_1_356' title='bbox 108 4247 155 4256; x_wconf 96' lang='grc'>-</span> <span class='ocrx_word' id='word_1_357' title='bbox 175 4228 218 4275; x_wconf 76' lang='lat' dir='ltr'>St.</span> <span class='ocrx_word' id='word_1_358' title='bbox 243 4215 288 4279; x_wconf 73' lang='grc' dir='ltr'><em>τόν</em></span> <span class='ocrx_word' id='word_1_359' title='bbox 303 4251 346 4260; x_wconf 93' lang='grc'>-</span> <span class='ocrx_word' id='word_1_360' title='bbox 363 4214 438 4294; x_wconf 82' lang='grc' dir='ltr'><em>οἵας</em></span> <span class='ocrx_word' id='word_1_361' title='bbox 462 4217 502 4282; x_wconf 77' lang='grc' dir='ltr'><em>οὔ</em></span> <span class='ocrx_word' id='word_1_362' title='bbox 524 4243 571 4295; x_wconf 91' lang='grc' dir='ltr'><em>τις</em></span> <span class='ocrx_word' id='word_1_363' title='bbox 593 4217 658 4306; x_wconf 88' lang='grc' dir='ltr'><em>πρδ</em></span> <span class='ocrx_word' id='word_1_364' title='bbox 683 4225 752 4294; x_wconf 81' lang='grc' dir='ltr'><em>τοῦ,</em></span> <span class='ocrx_word' id='word_1_365' title='bbox 774 4216 849 4284; x_wconf 88' lang='lat' dir='ltr'>Mrs.</span> <span class='ocrx_word' id='word_1_366' title='bbox 874 4212 1217 4291; x_wconf 78' lang='grc'>00110101000640,1;</span> <span class='ocrx_word' id='word_1_367' title='bbox 1241 4208 1346 4291; x_wconf 80' lang='lat' dir='ltr'>quales</span> <span class='ocrx_word' id='word_1_368' title='bbox 1368 4205 1448 4272; x_wconf 81' lang='lat' dir='ltr'>locos</span> <span class='ocrx_word' id='word_1_369' title='bbox 1508 4215 1511 4222; x_wconf 89' lang='lat'>&#39;</span> 
     </span>
     <span class='ocr_line' id='line_1_36' title="bbox 106 4318 686 4403; baseline 0.019 -23"><span class='ocrx_word' id='word_1_370' title='bbox 106 4318 253 4402; x_wconf 84' lang='lat' dir='ltr'>congessi</span> <span class='ocrx_word' id='word_1_371' title='bbox 275 4320 330 4398; x_wconf 89' lang='grc'><em>46,</em></span> <span class='ocrx_word' id='word_1_372' title='bbox 353 4341 369 4386; x_wconf 83' lang='grc' dir='ltr'><em>ε</em></span> <span class='ocrx_word' id='word_1_373' title='bbox 392 4320 504 4403; x_wconf 89' lang='lat' dir='ltr'>quibus</span> <span class='ocrx_word' id='word_1_374' title='bbox 526 4323 568 4388; x_wconf 89' lang='grc'><em>24</em></span> <span class='ocrx_word' id='word_1_375' title='bbox 591 4322 686 4390; x_wconf 80' lang='lat' dir='ltr'>Maio.</span> 
     </span>
    </p>

    <p class='ocr_par' dir='ltr' id='par_1_8' title="bbox 100 4438 1449 4752">
     <span class='ocr_line' id='line_1_37' title="bbox 220 4438 1444 4536; baseline -0.007 -27"><span class='ocrx_word' id='word_1_376' title='bbox 220 4444 469 4531; x_wconf 89' lang='lat' dir='ltr'>Partieipium</span> <span class='ocrx_word' id='word_1_377' title='bbox 484 4447 687 4536; x_wconf 84' lang='grc' dir='ltr'><em>γενόμενος</em></span> <span class='ocrx_word' id='word_1_378' title='bbox 702 4447 933 4528; x_wconf 80' lang='lat' dir='ltr'>deestltlonis,</span> <span class='ocrx_word' id='word_1_379' title='bbox 951 4467 968 4514; x_wconf 90' lang='lat' dir='ltr'><em>e</em></span> <span class='ocrx_word' id='word_1_380' title='bbox 983 4447 1094 4531; x_wconf 86' lang='lat' dir='ltr'>quibus</span> <span class='ocrx_word' id='word_1_381' title='bbox 1112 4442 1272 4516; x_wconf 84' lang='lat' dir='ltr'>13Maio.;</span> <span class='ocrx_word' id='word_1_382' title='bbox 1288 4439 1326 4506; x_wconf 84' lang='grc'><em>01.</em></span> <span class='ocrx_word' id='word_1_383' title='bbox 1338 4438 1413 4518; x_wconf 88' lang='grc'>321,</span> <span class='ocrx_word' id='word_1_384' title='bbox 1429 4438 1444 4502; x_wconf 94' lang='lat'>1</span> 
     </span>
     <span class='ocr_line' id='line_1_38' title="bbox 100 4546 1449 4645; baseline -0.002 -30"><span class='ocrx_word' id='word_1_385' title='bbox 100 4549 263 4635; x_wconf 84' lang='grc' dir='ltr'><em>πόλεμον</em></span> <span class='ocrx_word' id='word_1_386' title='bbox 272 4601 360 4620; x_wconf 88' lang='grc'>.....</span> <span class='ocrx_word' id='word_1_387' title='bbox 385 4554 550 4644; x_wconf 78' lang='grc' dir='ltr'><em>ἐπίφοβον</em></span> <span class='ocrx_word' id='word_1_388' title='bbox 571 4557 699 4645; x_wconf 76' lang='grc' dir='ltr'><em>ᾔδεσαν,</em></span> <span class='ocrx_word' id='word_1_389' title='bbox 724 4555 778 4623; x_wconf 84' lang='grc' dir='ltr'><em>διά</em></span> <span class='ocrx_word' id='word_1_390' title='bbox 793 4580 830 4623; x_wconf 89' lang='grc' dir='ltr'><em>τε</em></span> <span class='ocrx_word' id='word_1_391' title='bbox 845 4555 999 4644; x_wconf 88' lang='grc' dir='ltr'><em>ἀνδρείαν</em></span> <span class='ocrx_word' id='word_1_392' title='bbox 1013 4556 1069 4622; x_wconf 81' lang='grc' dir='ltr'><em>καὶ</em></span> <span class='ocrx_word' id='word_1_393' title='bbox 1084 4552 1239 4643; x_wconf 81' lang='grc' dir='ltr'><em>φρόνημα</em></span> <span class='ocrx_word' id='word_1_394' title='bbox 1252 4550 1308 4615; x_wconf 74' lang='grc' dir='ltr'><em>καὶ</em></span> <span class='ocrx_word' id='word_1_395' title='bbox 1324 4546 1449 4631; x_wconf 87' lang='grc' dir='ltr'><em>τόλμαν</em></span> 
     </span>
     <span class='ocr_line' id='line_1_39' title="bbox 100 4655 1447 4752; baseline -0.004 -29"><span class='ocrx_word' id='word_1_396' title='bbox 100 4655 247 4744; x_wconf 81' lang='grc' dir='ltr'><em>ἐχθρῶν</em></span> <span class='ocrx_word' id='word_1_397' title='bbox 268 4661 327 4727; x_wconf 81' lang='grc' dir='ltr'><em>καὶ</em></span> <span class='ocrx_word' id='word_1_398' title='bbox 349 4660 502 4730; x_wconf 85' lang='grc' dir='ltr'><em>ἀπιστίαν</em></span> <span class='ocrx_word' id='word_1_399' title='bbox 525 4662 560 4731; x_wconf 77' lang='grc' dir='ltr'><em>ἐν</em></span> <span class='ocrx_word' id='word_1_400' title='bbox 583 4672 693 4752; x_wconf 82' lang='grc' dir='ltr'><em>σφίσιν</em></span> <span class='ocrx_word' id='word_1_401' title='bbox 716 4661 923 4732; x_wconf 82' lang='grc' dir='ltr'><em>ἐπικίνδυνον</em></span> <span class='ocrx_word' id='word_1_402' title='bbox 944 4661 1128 4750; x_wconf 85' lang='grc' dir='ltr'><em>γενόμενον,</em></span> <span class='ocrx_word' id='word_1_403' title='bbox 1151 4657 1222 4743; x_wconf 84' lang='lat' dir='ltr'>post</span> <span class='ocrx_word' id='word_1_404' title='bbox 1243 4659 1354 4743; x_wconf 84' lang='grc' dir='ltr'><em>σφίσιν</em></span> <span class='ocrx_word' id='word_1_405' title='bbox 1376 4671 1447 4736; x_wconf 85' lang='lat' dir='ltr'>sup·</span> 
     </span>
    </p>
   </div>
   <div class='ocr_carea' id='block_1_5' title="bbox 0 0 1724 5238">
    <p class='ocr_par' dir='ltr' id='par_1_9' title="bbox 0 0 1724 5238">
     <span class='ocr_line' id='line_1_40' title="bbox 0 0 1724 5238; baseline 0 5"><span class='ocrx_word' id='word_1_406' title='bbox 0 0 1724 5238; x_wconf 95' lang='lat' dir='ltr'><em> </em></span> 
     </span>
    </p>
   </div>
  </div>
 </body>
</html>
