3440 5238
712 347 933 461 -55..'.

150 591 195 656 Μ.
221 590 302 672 quod
332 589 519 674 scripserunt
546 589 797 674 ύποκρίνασθαί
824 615 858 658 τε
887 594 942 659 καὶ
964 599 1014 659 M.
1040 593 1072 670 ἐς
1096 593 1210 680 φιλίαν
1238 595 1481 681 ὑπαγαγέσθαι,

41 689 45 706 ’
150 698 300 765 sanarunt
322 697 370 761 illi
393 695 518 779 quidem
542 696 654 774 locum,
679 697 732 762 sed
746 697 801 776 ita,
826 699 862 762 ut
885 697 1027 781 equidem
1049 699 1216 764 desiderem
1242 698 1412 788 aliquid‘et
1427 700 1488 766 elc-

149 805 275 890 gantiae
290 806 322 868 et
337 802 518 869 sentcntiae.
564 802 702 868 Multum
726 803 807 868 enim
830 804 958 871 interest
980 806 1061 870 inter
1076 805 1377 891 Carthaginiensium
1399 807 1488 873 illam

150 909 381 977 simulationem
399 911 432 974 ct
446 909 645 976 Massinissae
669 910 850 977 amicitiam.
898 911 964 997 Ego
987 897 1078 990 certe,
1103 912 1129 979 si
1152 913 1244 978 verba
1259 913 1488 996 scriptorisnon

149 1019 297 1103 legissem
321 1016 379 1080 nisi
403 1016 441 1080 ad
465 1017 612 1082 voeabula
629 1018 878 1103 inexplanatae
891 1044 925 1086 τε
949 1021 1039 1103 (quac
1060 1018 1144 1084 idem
1159 1021 1232 1085 sunt
1247 1022 1341 1102 atque
1356 1020 1487 1108 υποκρι-

31 1187 41 1202 ,
149 1125 336 1210 ναμένονς),
368 1142 426 1187 uon
455 1123 522 1188 tam
553 1123 724 1189 amicitiam
756 1124 895 1214 (φιλίαν)
913 1126 1055 1191 suturam
1079 1144 1144 1191 esse
1166 1127 1372 1208 exspectarem
1396 1146 1488 1209 quam

150 1233 253 1315 ipsam
276 1249 383 1315 pacem
407 1231 559 1320 (ἡσυχίαν
580 1231 628 1296 vel
652 1230 805 1322 εἰρήνην).
852 1231 1012 1312 Quocum
1036 1233 1161 1299 accedat
1185 1233 1264 1316 quod
1286 1234 1425 1312 facilius,
1456 1233 1489 1300 ni

150 1339 250 1415 fallor,
275 1338 347 1402 ante
371 1345 484 1404 Μασσ.
510 1339 610 1420 potuit
633 1339 813 1405 intercidere
837 1338 1019 1405 vocabulum
1041 1343 1113 1419 xci,
1144 1359 1236 1424 quam
1260 1341 1296 1405 ut
1318 1342 1488 1406 eommuta-

150 1447 259 1510 rentur
281 1443 480 1513 intersecat
496 1446 527 1512 et
543 1447 801 1538 Μασσανάσσην,
825 1446 967 1528 equidem
987 1447 1067 1518 inter
1083 1473 1118 1514 τε
1133 1449 1165 1513 et
1180 1455 1292 1515 Μασσ.
1310 1446 1487 1513 inseruerim

151 1553 286 1618 alterum
309 1552 492 1617 vocabulum
514 1561 577 1630 καί,
601 1553 765 1636 respiciens
788 1553 1028 1619 cumulationem
1052 1553 1141 1619 illam
1164 1573 1254 1637 supra
1277 1554 1422 1637 exemplis
1437 1554 1488 1620 fir·

153 1659 270 1726 matam
295 1658 387 1741 (quae
410 1659 477 1743 ipsa
500 1660 613 1744 pagina
636 1660 700 1724 205
725 1658 857 1724 recurrit
879 1677 908 1722 v.
928 1657 992 1745 16).

261 1765 378 1830 Deinde
401 1766 495 1831 etiam
518 1784 578 1830 non
601 1765 736 1836 admisse
760 1764 966 1830 cumulatione
988 1764 1027 1832 A.
1052 1770 1107 1831 καὶ
1128 1767 1280 1848 particula
1303 1766 1423 1851 saepius
1444 1767 1490 1833 ita

150 1893 228 1938 usus
252 1872 312 1954 est,
335 1872 372 1938 ut
395 1891 517 1953 prorsus
540 1867 692 1955 superflua
714 1870 855 1936 udeatur
878 1889 959 1950 esse,
987 1871 1047 1937 nisi
1070 1871 1149 1953 quod
1172 1892 1389 1956 nonnunquam
1411 1874 1490 1940 verti

30 1968 34 1978 ’
150 1980 255 2063 potest
277 1997 331 2062 per
360 1979 459 2061 „ipse“
487 1979 541 2044 aut
571 1977 753 2044 commutari
784 1997 854 2043 cum
878 1977 918 2066 δή
941 1977 988 2044 vel
1011 2003 1090 2067 περ,
1120 1977 1157 2044 cf.
1180 1981 1255 2060 242,
1277 1981 1319 2045 25
1344 1982 1382 2047 δι’
1405 1980 1488 2048 αὐτὸ

150 2095 266 2171 μέντοι
288 2088 344 2153 καὶ
366 2095 462 2151 τούτο
485 2087 612 2170 μοίλλον
635 2083 682 2152 ἔτι
706 2088 840 2172 φειδοῦς
856 2083 943 2162 ύξία.
968 2085 1102 2165 621,10
1126 2087 1293 2154 καὶτοῦτο
1311 2139 1318 2153 .
1336 2139 1342 2154 .
1362 2087 1489 2154 .είπών

151 2179 350 2280 ἐπήγγελλεν
372 2195 467 2277 ὅμως,
492 2193 525 2259 εί
544 2193 678 2258 θέλοιεν
701 2244 709 2258 .
729 2243 736 2259 .
755 2244 761 2257 .
780 2203 982 2278 συναγαγεῖν,
1006 2195 1061 2260 καὶ
1085 2193 1223 2280 πράξειν
1245 2195 1271 2268 ὅ,
1295 2219 1326 2260 τι
1349 2195 1393 2261 ἄν
1414 2201 1486 2275 βου-

151 2305 341 2384 λευομένοις
358 2303 444 2383 δοκῇ.
470 2300 543 2378 369,
562 2299 581 2363 5
605 2299 714 2389 δμηροῖ
738 2323 773 2366 τε
796 2298 907 2377 δύντες
930 2301 1144 2376 ἑπτακοσίους
1166 2303 1296 2377 παῖδας,
1320 2300 1377 2379 ούς
1398 2301 1487 2368 καὶὸ

152 2416 285 2492 Καίσαρ
307 2408 391 2494 ᾔτεα
415 2405 521 2488 quales
543 2405 623 2470 locos
646 2404 708 2490 legi
731 2407 784 2484 23,
809 2425 826 2471 e
850 2405 962 2487 quibus
989 2405 1027 2469 15
1050 2405 1144 2471 Mafo.

262 2512 308 2578 Ne
332 2512 452 2577 videtur
475 2512 599 2595 quidem
623 2512 776 2596 superflua
800 2532 865 2577 esse
890 2513 965 2590 884,
983 2513 1026 2577 23
1050 2521 1094 2600 τῷ
1112 2519 1249 2600 Καίσαρι
1273 2517 1299 2580 δ’
1317 2514 1334 2580 ὁ
1351 2517 1487 2602 στρατὸς

150 2624 313 2698 πελέκεας
383 2671 390 2686 .
408 2671 415 2687 .
433 2620 708 2709 προσαγαγόντες,
739 2619 852 2707 η’ξίουν
884 2621 1002 2686 ἑαυτὸν
1033 2619 1287 2708 ἀντιστράτηγον
1314 2619 1488 2709 α’ποφῆναι

130 2729 303 2813 ,πολέμου
335 2752 370 2794 τε
398 2728 639 2818 ἡγεμονεύοντα
669 2731 724 2795 καὶ
753 2737 846 2815 σφῶν
875 2727 929 2794 ost
959 2728 1017 2794 ὑπ’
1043 2728 1178 2814 ἄρχουσι
1202 2731 1405 2810 ταχθέντων,
1437 2729 1488 2793 ubi

151 2833 233 2899 Mfd.
257 2838 321 2912 καὶ,
347 2832 461 2902 Sohar.
485 2837 634 2900 commate
658 2833 756 2918 posito
779 2835 849 2918 post
872 2834 1058 2922 ἀποφῆναι,
1081 2853 1141 2900 non
1163 2833 1260 2915 posito
1282 2833 1351 2914 post
1375 2835 1486 2924 ἡχομο·

150 2941 308 3019 νεύοντα,
339 2941 431 3007 vertit
466 2942 519 3021 „ut
549 2942 775 3024 propraetorem
805 2959 838 3006 se
861 2940 926 3023 ipse
956 2941 1145 3006 renuntiaret
1168 2940 1260 3024 atque
1284 2959 1317 3006 eo
1340 2939 1433 3005 titulo
1456 2943 1490 3007 et

152 3048 272 3114 bellum
303 3047 535 3114 administraret
563 3051 595 3114 et
623 3048 706 3133 ipsos
737 3049 877 3129 duceret,
914 3048 1053 3114 adsuetos
1084 3067 1189 3130 parere
1221 3047 1486 3128 magistratibus“.

152 3155 236 3234 963,
261 3157 302 3221 18
328 3154 345 3221 δ
369 3156 405 3222 δὲ
435 3156 539 3234 πολύς
563 3155 594 3234 ἐς
617 3157 770 3224 Σικελίαν
798 3157 866 3243 ᾔει,
896 3154 1144 3242 γειτονεύουσαν
1173 3164 1229 3242 τῆς
1254 3155 1403 3231 Ἰταλίας,
1432 3157 1488 3221 καὶ

154 3269 332 3352 Πομπηίον
350 3272 436 3351 σφᾶς
452 3262 634 3348 προθύμοις
648 3262 904 3348 ὑποδεχομένου,
927 3261 1002 3327 Mfo.
1019 3260 1051 3325 in
1067 3264 1132 3338 καὶ,
1154 3260 1319 3345 participia
1341 3279 1487 3326 causam

150 3369 321 3447 continent,
345 3369 383 3434 cf.
401 3369 496 3449 1006,
516 3370 568 3438 11.
589 3407 623 3417 -—
647 3371 743 3449 1029,
760 3372 803 3434 22
826 3365 902 3460 ἦγεν
918 3423 924 3435 .
943 3420 950 3435 .
971 3421 976 3432 .
996 3420 1002 3433 .
1022 3367 1148 3456 σιδήρια
1172 3375 1282 3453 φύρων
1304 3370 1359 3434 καὶ
1373 3369 1488 3451 κλίμα·

151 3504 228 3553 κας,
259 3478 302 3555 ὦς
334 3477 454 3556 ἐξελών
483 3478 566 3545 αύτδ
592 3517 629 3525 -
657 3497 699 3543 sc.
724 3478 759 3543 τί
786 3482 990 3561 διατείχισμα
1013 3513 1055 3522 -
1079 3479 1134 3543 καί
1156 3473 1370 3561 παροδεύσων
1393 3473 1426 3553 ἐς
1449 3476 1486 3541 τδ

154 3593 215 3650 τοῦ
231 3591 375 3650 Κασσίου
401 3585 631 3674 στρατόπεδον,
656 3585 733 3652 Mfd.
757 3588 820 3663 καὶ,
846 3583 899 3650 Or.
924 3583 1033 3648 Latine
1056 3582 1156 3666 magis
1179 3600 1269 3663 quam
1293 3581 1384 3646 verbo
1398 3583 1488 3647 tenus

157 3692 266 3775 „quasi
295 3691 419 3758 effracto
451 3693 530 3758 vallo
559 3692 592 3756 in
622 3693 723 3760 castra
747 3691 812 3757 eius
834 3691 1048 3774 irrupturus“‚
1078 3688 1116 3755 cf.
1145 3688 1245 3764 1131,
1269 3688 1311 3752 23
1335 3688 1352 3752 ὁ
1377 3690 1404 3754 δ’
1427 3688 1487 3755 oda

155 3798 325 3875 ἐπείθετο,
349 3802 525 3868 Καλουίσιον
540 3809 730 3886 περιμένων,
754 3801 809 3866 καὶ
831 3799 932 3882 λέγων
955 3796 1014 3864 ούκ
1039 3796 1198 3880 εὔβουλον
1221 3791 1306 3862 εἶναι
1330 3795 1366 3862 νδ
1390 3794 1487 3885 ῥιψο-

152 3912 311 3982 κίνδυνον,
336 3905 412 3970 Mfd.
436 3910 500 3974 καὶ.

262 4009 447 4093 Saepissime
470 4032 558 4098 porro
580 4016 636 4080 καί
658 4010 812 4098 signifieat
834 4011 945 4076 etiam
970 4009 1016 4076 vel
1041 4008 1172 4087 adeo¹)‚
1195 4007 1486 4095 ο1.336,511ρθέ-

155 4145 278 4204 ταυρον
301 4121 328 4183 δ’
346 4118 557 4206 ύνΊλλυριοῖς
581 4122 743 4211 δυνάστην
765 4123 821 4187 καὶ
844 4111 984 4185 ἔκτεινεν
1007 4115 1256 4200 ἐπιβουλεύσας,
1280 4113 1376 4180 Schw.
1391 4114 1484 4181 Mrm.

154 4225 243 4309 Nsd.)
270 4225 381 4305 494‚5
407 4225 555 4315 ἐσενέγκη
579 4228 694 4294 δὲκαὶ
718 4227 777 4317 τὴν
800 4225 950 4316 δαπάνην
973 4227 1069 4291 τοῦδε
1092 4232 1151 4290 τοῦ
1168 4225 1326 4306 πολέμου.
1353 4221 1482 4298 747,11

154 4341 318 4418 Καίσαρος
349 4335 375 4398 δ’
406 4334 450 4399 αύ
456 4333 529 4411 τούς
559 4340 772 4419 περιθέοντος
807 4357 843 4400 τε
872 4334 930 4399 καί
949 4331 1018 4398 σύν
1047 4331 1164 4398 toreca
1193 4329 1324 4415 μακρὰν
1352 4327 1400 4394 ἔτι
1431 4329 1487 4396 τδν

154 4438 332 4532 Πομπήιον
355 4441 435 4507 ὄντα
460 4441 732 4518 ἐπιδεικνύοντος,
763 4443 818 4507 καὶ
841 4439 1023 4527 ἐφορῶντος
1047 4438 1089 4505 τὰ
1111 4447 1231 4528 σημεῖα
1254 4435 1486 4522 ἀπερρίπτουν,

265 4655 287 4724 ι)
305 4653 339 4708 ιε.
358 4652 470 4707 raone
488 4667 513 4723 p.
528 4649 627 4716 aeae.
748 4633 751 4639 ’
