3440 5238
802 385 1031 450 ..24...

246 583 500 660 Mendelseehnii‚
524 581 577 663 qni
603 581 679 654 (Μ.1
699 601 728 664 p.
755 580 814 647 131
842 582 926 666 adn.)
950 586 1013 648 κέν
1034 581 1133 667 μόνος
1155 583 1203 648 161
1226 586 1289 648 nde
1311 577 1361 663 είς
1384 581 1577 649 scribendum

246 711 311 758 esse
333 690 490 775 proposuit
512 690 579 754 tum
596 708 655 754 van
671 689 876 767 Herwerdani‚
902 689 955 770 qui
970 689 1100 754 eonieeit
1113 699 1196 775 μέγα
1212 694 1324 770 κέρδος
1339 691 1517 780 ἡγούμενος
1532 691 1577 770 (i).
1688 680 1689 685 ’

353 797 453 863 Simili
476 796 593 862 ratione
617 797 709 877 atqua
732 797 881 874 κάκεῖνος
903 795 1025 877 saepius
1048 815 1105 861 usu
1130 795 1212 861 venit
1235 799 1299 864 καὶ
1322 799 1388 863 ὅδε
1411 799 1498 881 (616,
1526 797 1578 860 16.

249 906 328 983 143,
355 904 385 970 2.
411 905 491 981 875,
516 905 535 965 6
559 905 641 984 cet).
667 905 701 981 ὃς
725 921 777 984 pro
801 905 876 980 ὅσος
899 901 1031 987 legimus
1057 903 1136 980 137,
1164 907 1178 966 1
1208 901 1409 994 (ἐπιγράψας
1433 904 1580 981 ἑκάστοις

248 1012 303 1089 οὓς
327 1011 393 1078 ἔδει
416 1019 568 1095 πέμπειν,
591 1008 696 1092 Μία.)-
714 1011 788 1087 δσος
811 1027 865 1090 pro
890 1009 926 1087 ός
950 1008 1001 1085 67,
1029 1008 1070 1073 13
1094 1010 1168 1090 (τοῖς
1191 1009 1314 1096 δωρεὰς
1339 1047 1396 1087 -,
1420 1013 1499 1089 ’όσας
1521 1035 1580 1095 με·

246 1118 346 1204 γοὶλοις
365 1155 404 1166 -·
422 1117 671 1204 ἐπεπόμφεσαν,
694 1115 784 1200 Mfo.)
802 1116 897 1192 1177,
920 1115 1081 1201 1311116),
1100 1126 1203 1182 ταῦτα
1219 1135 1272 1199 pro
1289 1127 1426 1184 τοιαῦτα
1443 1117 1518 1193 142,
1537 1117 1579 1181 12

248 1222 318 1310 (οἶα
347 1227 409 1311 μὲν
438 1227 496 1292 καί
525 1226 588 1291 ὅσα
608 1223 783 1306 Ῥωμαίους
814 1222 972 1312 ἔδρασαν,
1010 1223 1084 1301 οἵας
1114 1224 1150 1290 δὲ
1179 1225 1348 1312 συνθήκας
1380 1259 1417 1270 ——
1451 1222 1581 1298 ἔθεντο,

249 1332 359 1400 ου’δέσι
382 1342 486 1398 ταῦτα
510 1335 697 1398 συνθέσθαι
714 1331 879 1412 Ῥωμαίων
901 1328 1123 1406 ὑποστάντων,
1146 1329 1192 1395 Ni
1208 1331 1230 1412 .)
1255 1330 1329 1408 847,
1356 1330 1396 1394 12
1421 1332 1468 1414 (οἱ
1489 1333 1583 1418 φίλοι

251 1475 288 1484 *
315 1440 513 1506 ὑπετίθεντο
545 1448 664 1513 ταῦτα,
698 1439 780 1503 ὥστε
811 1438 844 1502 οἱ
871 1436 934 1521 μέν
959 1475 996 1484 -
1020 1436 1142 1525 ἠξίουν,
1165 1436 1271 1522 Μ16.),
1302 1437 1429 1504 τοιόσδε
1451 1457 1505 1520 pre
1529 1464 1584 1504 το-

247 1548 344 1614 σόσδε
368 1545 504 1624 602,14
529 1545 666 1633 (ἤχθετο
690 1548 823 1610 τοιῶνδε
846 1545 900 1609 καὶ
924 1544 1041 1612 τοσοίδε
1064 1543 1281 1631 εἰργασμένων
1304 1546 1432 1633 ἀνδροῖν
1446 1544 1584 1632 ἀθρόως

250 1653 502 1742 όφαιροόμενος,
527 1651 649 1719 Zeissfc.
674 1652 827 1734 τοσῶνδε)
853 1651 926 1729 170,
950 1652 988 1713 21
1017 1649 1112 1733 (BfO.)
1136 1650 1210 1728 430,
1235 1651 1277 1714 22
1307 1651 1410 1736 (Min.)
1436 1652 1510 1731 669,
1528 1655 1584 1719 24.

250 1762 361 1839 687,7
387 1759 484 1841 (Μΐο,
510 1759 562 1824 sed
585 1758 623 1823 cf.
648 1758 722 1836 443,
741 1759 785 1839 3),
810 1759 866 1824 ὅδε
889 1776 943 1840 pro
967 1757 1102 1824 τοσόσδε
1126 1760 1178 1836 31,
1202 1759 1224 1822 4
1246 1757 1338 1848 (περί
1360 1759 1396 1825 δὲ
1420 1769 1476 1849 τῆς
1499 1758 1582 1848 οῖφέ-

249 1894 329 1947 σεως
353 1867 421 1934 οὐδ’
445 1866 536 1954 αότεῖ
558 1873 620 1950 μέν
642 1891 698 1949 μοι
722 1869 826 1941 δοκεῖ,
853 1863 1015 1948 Ῥωμαίων
1045 1865 1153 1930 πολλοὶ
1178 1869 1233 1932 καὶ
1263 1866 1352 1932 δεινδ
1378 1866 1585 1953 δεδρακότων

249 1976 335 2063 ἡμᾶς
372 2011 424 2051 -,
455 1973 572 2039 τοιόσδε
602 1973 679 2050 τούς
709 1971 921 2061 εἰλημμένους
951 1971 1112 2038 ἀπολύειν
1140 1972 1263 2050 παντὸς
1293 1973 1458 2053 ἀπαθεῖς,
1493 1973 1585 2058 11110.)

251 2086 325 2161 735,
353 2084 392 2148 18
416 2082 485 2166 (καὶ
507 2081 585 2147 τόδε
607 2082 669 2165 μέν
691 2075 731 2168 ἡν
753 2081 842 2166 αὐτῷ
865 2079 906 2146 τὰ
929 2081 1034 2158 πεζά),
1062 2081 1136 2157 ὅσος
1159 2098 1212 2161 pro
1236 2076 1305 2158 οἷος
1331 2080 1463 2162 1160,8
1488 2082 1584 2171 (βέλη

250 2192 289 2257 τοὶ
306 2191 368 2274 μὲν
382 2193 417 2256 ἐκ
433 2197 577 2277 μηχανῆς
601 2189 641 2254 τὰ
666 2189 692 2252 δ’
709 2187 777 2253 ἀπὸ
801 2197 926 2272 χειρῶν,
950 2189 1012 2253 ὅσα
1035 2189 1126 2253 λίθοι
1148 2191 1202 2253 καὶ
1225 2188 1384 2276 πυρφόρα
1403 2192 1459 2255 καὶ
1474 2187 1587 2267 τοξεύ-

249 2325 349 2383 ματα,
365 2296 485 2381 Μ111ο.),
509 2294 620 2362 τοιάδε
636 2314 690 2377 pro
706 2295 785 2360 τάδε
803 2293 899 2373 1081,
917 2293 1043 2378 16(καὶ
1061 2289 1101 2383 ἡν
1117 2293 1155 2360 τοὶ
1172 2295 1341 2382 κεφάλαια
1359 2305 1417 2361 τοῦ
1433 2297 1584 2380 πολέμου

251 2406 371 2482 τοιάδε,
396 2403 494 2485 Μία),
518 2420 577 2484 quo
600 2402 665 2468 loeo
688 2400 880 2466 referendum
902 2408 949 2467 est
972 2401 1012 2466 ad
1035 2401 1226 2484 insequentia
1249 2402 1584 2486 (16161666219,17.
1707 2429 1708 2442 1

253 2514 333 2589 107,
359 2513 395 2588 3,
425 2510 495 2595 18),
525 2529 595 2574 eum
627 2511 683 2575 δ’δο
713 2508 752 2573 ab
775 2507 916 2590 Appiano
939 2508 1116 2592 saepissima
1139 2509 1286 2574 referatur
1309 2510 1347 2574 ad
1371 2509 1587 2574 antecedentia

251 2620 301 2705 (ef.
320 2619 374 2684 Kr.
400 2618 418 2701 ἡ
435 2617 487 2695 51,
507 2617 535 2693 7,
553 2617 583 2681 3.
610 2617 648 2680 Κ.
673 2634 703 2696 p.
722 2614 797 2693 556,
815 2615 858 2699 7),
882 2634 943 2697 qua
965 2614 1173 2680 observatione
1195 2616 1335 2700 neglecta
1357 2615 1451 2682 Mafa.
1470 2616 1545 2695 599,
1563 2619 1586 2680 4

250 2724 477 2817 (έσηγοόμενος
507 2725 543 2789 δὲ
575 2723 634 2811 τὴν
664 2720 793 2812 γνώμην
822 2725 877 2789 καί
908 2722 1069 2808 ἐπιμένων
1101 2722 1185 2812 αὐτῇ
1215 2733 1391 2811 καρτερῶς,
1429 2723 1496 2789 ἡπδ
1527 2732 1587 2811 τῆς

249 2835 371 2922 βουλὴς
401 2830 461 2898 έπί
487 2856 559 2896 τινα
590 2837 763 2915 στρατείαν
793 2828 992 2920 ἐξεπέμφθη
1023 2829 1075 2895 διδ
1102 2830 1191 2905 τόδε,
1223 2830 1328 2913 Zippel
1350 2830 1407 2915 fd.)
1434 2829 1515 2909 825,
1542 2829 1584 2894 17

249 2943 281 3027 (δ’
297 2941 324 3007 δ’
341 2939 376 3006 έν
391 2947 435 3026 τῷ
452 2937 532 3025 έργφ
547 2936 650 3022 μόνον
674 2935 761 3002 ἐστίν
784 2935 999 3020 ἐπίμεμπτον,
1023 2935 1190 3018 ἰασόμεθα
1206 2937 1309 3026 ἡμεῖς,
1333 2936 1587 3025 διαλλακτήριον

249 3049 329 3132 ἡμῖν
358 3049 428 3130 ἅμα
457 3048 488 3122 ἐς
519 3045 595 3122 τοὺς
626 3044 800 3127 ὁμοεθνεῖς
832 3043 1002 3127 ἐσόμενον,
1034 3047 1089 3110 καί
1117 3046 1248 3134 ἥδιστον
1277 3046 1337 3135 ἤδη
1367 3050 1583 3127 πυθομένοις.

250 3151 299 3233 οἷς
323 3154 382 3242 τὴν
406 3152 501 3240 τιμὴν
524 3156 640 3239 τῆσδε
663 3161 718 3240 τὴς
742 3160 799 3239 γῆς
823 3163 891 3228 τοῖς
915 3151 1137 3240 ἀφῃρημένοις
1160 3153 1253 3244 ἡμεῖς
1277 3150 1313 3216 έκ
1335 3160 1400 3218 τοῖν
1422 3155 1587 3240 δημοσίων

249 3260 488 3351 χρημάτων-
511 3257 741 3342 ἀποδώσομεν,
772 3256 843 3322 Nfd.
869 3262 979 3345 τὴσδες
1010 3258 1165 3341 equidem,
1195 3259 1231 3324 ut
1253 3261 1347 3346 ἡμεῖς
1377 3277 1406 3323 1.
1439 3260 1480 3323 18
1511 3276 1584 3323 611111

248 3371 365 3452 Muagr.
384 3366 557 3443 deleverim,
579 3365 625 3429 ita
641 3361 690 3442 οἷς
705 3383 734 3429 1.
755 3364 794 3429 17
811 3364 997 3429 mutaverim
1013 3365 1046 3428 in
1063 3366 1114 3448 οἵ)
1139 3364 1214 3442 583,
1233 3367 1251 3427 5
1270 3365 1341 3448 (τὸν
1355 3365 1416 3449 μέν
1434 3364 1582 3451 Γράκχον

249 3476 350 3562 νόμον
373 3473 432 3540 οόκ
456 3472 556 3561 ἔψεγε
580 3472 634 3538 διό
658 3472 714 3537 τὸν
736 3477 839 3559 δῆμον
853 3481 976 3560 σαφῶς,
1000 3473 1061 3561 τὴν
1075 3475 1111 3540 δέ
1127 3477 1223 3540 τοῦδε
1238 3478 1429 3560 δυσχέρειαν
1444 3472 1585 3552 ἐπεξιὼν

247 3585 339 3674 ἡξίον
364 3584 439 3658 cet..
470 3579 576 3646 1Η1111.
602 3579 928 3674 τοδδε111το6ργοο)
952 3580 1028 3644 item
1055 3580 1088 3644 in
1118 3580 1244 3648 τοιόσδε
1266 3580 1315 3648 Ni.
1337 3580 1413 3649 Mfo.
1440 3581 1514 3660 560,
1539 3581 1583 3646 22
1709 3571 1710 3580 ¹

249 3691 398 3775 (εἵποντο
415 3689 451 3754 δέ
467 3686 558 3774 αὐτῷ
573 3686 658 3770 μετδι
674 3686 710 3751 τδ
728 3689 818 3772 όὶρμα
835 3687 868 3753 οἱ
882 3688 1203 3772 συστρατευσόμενοι
1212 3688 1268 3753 cet.
1281 3691 1337 3756 eet.
1350 3689 1439 3774 ἡμὲν
1455 3688 1492 3776 δὴ
1510 3695 1583 3775 θρί-

249 3803 354 3882 αμβος
368 3790 409 3886 ἡν
424 3794 615 3871 τοιόσδε.);
631 3793 669 3858 ef.
689 3791 762 3870 173,
778 3793 1106 3874 1.179,16.198,15.
1125 3794 1261 3878 19919.
1280 3795 1355 3872 251,
1367 3795 1419 3860 20.
1437 3795 1585 3874 294,13;

252 3904 377 3983 1617.
410 3902 440 3980 8,
467 3901 518 3966 16.
550 3900 624 3978 293,
648 3900 700 3966 22.
733 3900 808 3976 475,
836 3900 886 3965 19.
919 3901 993 3978 616,
1020 3902 1071 3966 16.
1104 3900 1178 3979 620,
1206 3902 1257 3966 14.
1283 3902 1357 3978 434,
1383 3902 1413 3968 5.
1439 3903 1513 3976 825,
1544 3905 1580 3968 11

249 4011 321 4100 (τὴν
336 4035 371 4078 τε
388 4019 446 4097 γῆν
461 4007 556 4097 αὴνδε
572 4006 676 4095 αόοὴν
694 4005 787 4074 έσαεί
800 4013 1000 4092 βεβαιοῦμεν
1021 4011 1076 4075 καί
1090 4009 1326 4095 βεβαιώσομεν,
1350 4013 1405 4077 καὶ
1427 4009 1585 4099 μα’ρτορα

249 4120 305 4186 τόν
330 4118 413 4184 θεὸν
435 4115 528 4183 τόνδε
549 4115 752 4198 ποιοίμεθα,
776 4113 869 4181 Μ1111.
896 4114 988 4182 τόνδε
1009 4115 1041 4180 in
1066 4120 1166 4182 ταῖνδε
1189 4135 1259 4182 eum
1283 4115 1341 4198 6,).

355 4225 421 4307 Quo
450 4223 598 4288 accedunt
620 4221 694 4300 1661,
725 4221 836 4304 quibus
861 4225 917 4290 ὅδε
941 4221 968 4288 si
991 4223 1093 4288 minus
1116 4224 1267 4305 superflue
1291 4224 1427 4289 atcerte
1450 4223 1489 4288 ad
1512 4242 1586 4305 pre-

247 4332 394 4397 mendum
423 4329 588 4396 articulum
616 4329 664 4393 vel
693 4348 747 4410 pro
770 4328 881 4393 Latino
910 4329 976 4394 ille
1006 4330 1144 4396 videatur
1172 4349 1235 4395 esse
1257 4330 1407 4412 positum:
1441 4331 1513 4410 136,
1543 4335 1587 4397 14

248 4437 414 4524 (ἄνεκόλει
436 4445 475 4524 τῇ
500 4436 648 4522 σάλπιγγι
672 4437 748 4513 τούς
771 4435 872 4512 ἔνδον,
896 4438 952 4504 καί
975 4440 1052 4524 πρὶν
1075 4437 1164 4525 mimi
1179 4442 1333 4524 γενέσθαι
1351 4439 1487 4522 χιλίους,
1513 4451 1587 4520 τοῖς

246 4547 403 4613 ἱππεῦσιν
426 4543 669 4628 ἐνοχλουμένοις
694 4542 885 4635 ἐπεβοήθει.
918 4549 1015 4611 τοῦδε
1038 4545 1073 4610 δὲ
1097 4554 1157 4612 τοῦ
1179 4552 1321 4632 στρατοῦ
1352 4553 1412 4611 τοῦ
1441 4547 1586 4625 πλέονος

249 4653 284 4719 ἐκ
308 4661 363 4739 τῆς
387 4651 494 4743 κόμης
518 4651 742 4738 ἐκδραμόντος,
767 4650 932 4739 ἐτρέψατο
956 4651 1017 4736 μὲν
1040 4651 1073 4730 ές
1097 4652 1204 4742 φυγὴν
1227 4651 1304 4729 τούς
1327 4653 1515 4737 πολεμίους,
1540 4654 1586 4722 οὔ
