3440 5238
826 362 1048 432 ,32-

378 561 451 637 5,8
480 558 568 648 αὐτή
596 583 632 626 τε
650 558 770 626 Ἰταλόν
798 557 987 648 μακροτάτη
1017 557 1056 645 δή
1086 557 1222 624 πάντων
1251 555 1361 626 ἐθνῶν
1383 553 1483 635 οδσα,
1512 560 1607 626 M'ra.
1706 555 1707 570 ¹

271 667 392 734 collatis
414 665 488 732 locis
514 666 614 745 1005,
634 666 673 730 13
704 665 776 754 (τήν
800 664 956 755 Ἰβηριαν,
986 664 1169 753 εδρυτάιην
1192 664 1301 732 ἐθνῶν
1323 661 1438 750 οὖσαν)
1469 666 1607 744 1020,4

271 777 503 860 (Μακεδονίας,
520 772 639 850 ἔθνους
656 769 914 860 ὄρείου),(11111)118
931 769 1155 846 1116061818
1172 772 1189 836 δ
1206 781 1266 838 τοῦ
1283 775 1412 839 Πόντου
1429 775 1484 839 καὶ
1499 775 1610 839 ἄλλων

269 883 381 974 Ιἐθνῶν
401 879 567 964 βασιλεύς)
591 879 665 957 639,
690 879 729 944 ll
751 877 858 944 Ἀσίαν
879 885 938 944 καί
958 879 1043 944 ἄλλα
1067 877 1150 968 ἔθνη
1173 879 1284 945 πολλά
1307 880 1385 956 687,
1412 880 1451 942 17
1476 880 1607 947 Πόντου

273 991 421 1074 βασιλέα,
442 994 500 1053 καί
513 988 571 1075 τήν
586 986 689 1076 ἀρχήν
704 985 818 1062 αὐτοῦ,
837 988 893 1052 καὶ
908 987 971 1051 ἴσα
986 985 1072 1050 ἄλλα
1088 983 1171 1075 ἔθνη
1186 988 1400 1074 προσέλαβεν.
1426 986 1499 1062 773,
1517 987 1537 1050 3
1553 990 1610 1054 καὶ

271 1099 426 1164 καλοῦσιν
448 1091 534 1159 αὐτοὶ
552 1129 593 1138 -
611 1111 653 1158 sc.
677 1094 719 1160 τά
743 1092 826 1182 ἔθνη
844 1129 883 1138 -
902 1093 950 1158 ἐνὶ
973 1090 1109 1176 ὀνόματι
1127 1091 1233 1158 Ἀσίαν
1256 1093 1314 1180 τήν
1335 1092 1432 1160 κάτω.
1475 1093 1548 1173 756,
1565 1095 1609 1157 23
1688 1156 1695 1178 f

273 1205 404 1271 Πισίδαι
419 1203 474 1266 καὶ
486 1198 700 1286 Παφλαγόνες
717 1203 771 1266 καὶ
782 1199 910 1265 Κιλικία
925 1202 980 1265 καί
988 1205 1094 1285 Συρία
1110 1201 1165 1264 καὶ
1182 1207 1316 1290 Φοινίκη
1331 1203 1387 1267 καὶ
1403 1201 1438 1266 ui
1448 1202 1611 1287 Ἑβραίων

271 1317 359 1395 γένος
375 1307 432 1372 det.
450 1306 525 1382 833,
539 1308 556 1370 7
574 1307 633 1394 τήν
645 1305 783 1374 Ἐλλάδα
793 1342 845 1382 -,
863 1305 1127 1391 δυσαρκτότατον
1142 1304 1240 1383 ἔθνος
1255 1311 1311 1373 καὶ
1327 1308 1608 1395 φιλελεύθερον.11

272 1414 382 1492 988,1
410 1420 537 1501 Συρίαν
560 1438 594 1480 τε
617 1417 672 1481 καὶ
695 1413 804 1479 πολλὰ
827 1423 891 1480 τῶν
915 1412 1007 1498 ἐγγδς
1036 1412 1153 1480 ἐθνῶν.
1186 1413 1323 1489 1062,7
1352 1413 1410 1502 τήν
1428 1413 1611 1502 Ἰτουραίαν

272 1525 328 1588 καὶ
345 1524 407 1588 ὅσα
423 1521 509 1586 ἄλλα
523 1529 597 1610 γένη
612 1521 730 1607 Σόρων
750 1519 801 1604 (ci.
824 1518 922 1596 1123,
940 1519 996 1602 18)
1031 1519 1106 1598 560,
1125 1523 1139 1584 1
1163 1528 1309 1599 Λυκίους
1330 1525 1386 1588 καὶ
1395 1521 1536 1599 Ῥοδίους
1555 1525 1611 1588 καὶ

273 1635 469 1718 Μαγνησίαν
483 1635 542 1693 καί
556 1652 641 1706 τινας
657 1628 785 1704 ἄλλους,
810 1626 883 1692 Mic.
902 1626 1087 1717 Μάγνητας.
1112 1627 1226 1702 561,4
1249 1637 1294 1715 τῷ
1310 1627 1346 1694 δέ
1362 1628 1454 1716 αὐτῷ
1475 1631 1610 1715 πολέμῳ
1706 1629 1707 1666 l

272 1739 327 1801 καὶ
343 1735 486 1811 Κιλικίας
503 1733 543 1799 τά
560 1733 659 1822 μήπω
676 1739 769 1821 σφίσι
785 1733 929 1822 κατήκοα
945 1737 1000 1800 καὶ
1013 1741 1137 1822 Συρίας
1152 1733 1210 1823 τήν
1226 1759 1261 1800 τε
1272 1743 1426 1827 Φοινίκην
1435 1739 1489 1802 καὶ
1498 1740 1611 1826 κοίλην

272 1843 330 1908 καί
345 1843 565 1931 Παλαιστίνην
587 1843 642 1907 καὶ
666 1841 724 1929 τήν
746 1839 779 1918 ἐς
802 1841 839 1905 τὸ
862 1839 1031 1926 μεσόγειον
1052 1839 1109 1908 ἐπὶ
1131 1842 1284 1925 πυταμδν
1299 1841 1488 1932 Εὐφράτην,
1513 1843 1611 1909 ου’δέν
1704 1889 1707 1936 3

274 1948 321 2015 ἔτι
345 1958 388 2035 τῷ
414 1947 607 2035 Μιθριδάτῃ
631 1946 919 2034 προσήκοντά...
944 1949 1159 2033 προσέλαβον.
1182 1947 1257 2014 Mic.
1282 1949 1360 2015 τάδε
1384 1969 1438 2032 pro
1461 1948 1517 2025 ἔτι,
1541 1951 1612 2031 post
1703 1961 1707 1972 ¹

273 2055 479 2144 προσήκοντα
501 2053 707 2136 supplendum
730 2056 776 2118 est
800 2051 892 2143 ἔθνη.
910 2091 953 2100 -
971 2054 1067 2131 1664,
1086 2055 1105 2120 5
1130 2054 1259 2139 ἔπεμπε
1282 2056 1358 2133 τούς
1381 2057 1504 2134 ἱππέας
1523 2057 1609 2124 Πάλ·

271 2189 362 2247 μνρα
385 2160 483 2228 πόλιν
492 2210 578 2225 .....
605 2161 793 2250 διαρπάσαι,
816 2161 916 2248 μικρά
941 2171 1002 2246 μέν
1019 2161 1185 2229 ἐπικαλῶν
1201 2161 1346 2241 αὐτοῖς.
1383 2162 1478 2240 1064,
1499 2164 1538 2227 17
1555 2168 1613 2230 καὶ
1706 2149 1707 2170 ³

273 2275 365 2336 δοκεῖ
378 2265 452 2335 τόδε
469 2268 505 2333 ιδ
524 2267 617 2352 ἔργον
634 2269 787 2356 Ἀντωνίφ
802 2269 860 2335 τὸν
873 2268 941 2352 μετ’
958 2269 998 2335 οὔ
1014 2271 1100 2337 πολδ
1120 2270 1291 2356 Παρθικὸν
1306 2269 1454 2353 πόλεμον
1476 2267 1614 2358 ἐξάψαι,

273 2378 404 2443 πολλῶν
431 2375 466 2440 ἐκ
489 2381 611 2461 Συρίας
641 2371 807 2460 τυράννων
834 2377 865 2452 ἐς
893 2375 1037 2453 αὐτους
1061 2374 1311 2463 συμφυγόντων,
1338 2375 1392 2440 ubi
1419 2374 1541 2454 αὐτούς
1564 2377 1613 2441 in-

273 2481 479 2566 tellegendum
510 2480 749 2565 θέ1Πάρθους1
775 2517 813 2526 ·-
841 2481 915 2559 581,
933 2481 974 2545 21
998 2483 1019 2570 ή
1043 2483 1080 2549 δὲ
1102 2482 1231 2561 πόλις..
1247 2534 1274 2549 ..
1293 2481 1423 2574 διήρητο
1447 2482 1480 2562 ἐς
1503 2482 1617 2573 λύπην

272 2593 328 2656 καὶ
350 2589 478 2678 ἡδονήν,
502 2587 542 2654 οἴ
558 2588 619 2672 μέν
642 2587 852 2672 οἰκτείροντες
876 2589 933 2653 cet.

384 2696 512 2773 1099‚8
537 2695 596 2782 τήν
619 2695 655 2760 δέ
671 2702 839 2781 Περυσίαν
861 2695 966 2785 αὐτὴν
982 2695 1111 2780 ἐγνώκει
1126 2697 1189 2781 μὲν
1204 2695 1221 2762 ό
1238 2705 1367 2785 Καῖσαρ
1383 2696 1415 2775 ἐς
1432 2699 1622 2786 διαρπαγήν
1705 2751 1706 2778 ,

273 2804 452 2892 ἐπιτρέψαι
475 2811 519 2889 τῷ
543 2811 677 2889 στρατῷ,
701 2810 834 2880 Κέστιος
859 2806 894 2869 δέ
918 2829 964 2881 τις
987 2803 1154 2870 αὐτῶν...
1180 2803 1347 2895 ἐνέπρησε,
1371 2803 1414 2867 Μ.
1440 2803 1479 2868 ad
1502 2802 1623 2870 αδτῶν

273 2932 297 2977 r.
322 2908 480 2976 adnotavit
508 2909 588 2989 ,11011
610 2909 719 2976 α’στιδν
741 2909 905 2974 conicere.“
932 2947 975 2956 —
1000 2911 1079 2988 361,
1101 2911 1248 2977 19—20
1273 2911 1312 2976 οἵ
1330 2911 1367 2977 δὲ
1393 2910 1623 2997 ἀπεκρίναντο

273 3017 445 3104 Κόρκυραν
466 3018 528 3102 μέν
550 3019 605 3082 καὶ
634 3016 748 3102 Φάρον
769 3019 824 3084 καὶ
838 3017 947 3084 Ἴσσαν
968 3020 1023 3085 καὶ
1046 3017 1246 3103 Ἐπίδαμνον
1268 3021 1324 3085 καὶ
1346 3016 1509 3105 Ἰλλυριῶν
1535 3018 1626 3096 τούς

270 3122 470 3200 Ἀτιντανυδς
493 3124 554 3214 ήδη
573 3124 738 3208 Ῥωμαίων
760 3124 928 3214 ὑπηκόους
951 3119 1047 3191 εἶναι.
1075 3162 1111 3171 -

385 3229 545 3308 1182,10
571 3238 629 3297 καί
647 3255 704 3314 μοι
727 3228 818 3310 ἔδοξε
846 3231 887 3295 τά
905 3229 1075 3319 Ἰλλυρικά,
1103 3233 1179 3298 οὔτε
1206 3231 1346 3320 α’κριβιῑς
1373 3229 1527 3318 γενόμενά
1557 3257 1629 3315 μοι

273 3338 431 3426 γντόριμα,
460 3338 538 3403 οὔτε
561 3339 780 3403 συντελοῦντα
801 3346 904 3424 μῆκος
926 3338 1010 3416 ἰδίας
1033 3347 1232 3427 συγγραφῆς,
1260 3340 1337 3405 οὔτε
1360 3338 1469 3425 χάραν
1496 3337 1630 3422 ἔχοντα

274 3447 414 3531 ἑτέρωθι
437 3446 610 3534 λεχθῆναι,
634 3453 693 3510 τοῦ
716 3443 834 3532 χρόνου
859 3443 936 3511 καθ’
961 3443 1000 3511 δν
1028 3443 1222 3536 ἐλήφθησαν
1248 3444 1444 3530 συνάγοντος
1466 3443 1552 3510 αὐτὰ
1590 3447 1632 3525 ἐς

274 3555 365 3630 τέλος
392 3549 666 3640 προαναγράψαι,
694 3554 750 3618 καὶ
777 3551 958 3619 ὑποθεῖναι
985 3551 1073 3619 αὐτοὶ
1102 3562 1139 3637 ιη’
1163 3551 1272 3639 ὁμόρῳ
1295 3557 1516 3641 Μακεδονικῇ.
1570 3556 1634 3620 Ad
1703 3571 1704 3598 1

275 3647 472 3749 ἐλήφθησαν
494 3677 553 3724 ncn
577 3658 617 3724 ιδ
631 3657 791 3746 Ἰλλυρικά
807 3657 1020 3742 supplendum,
1044 3657 1124 3742 quod
1139 3659 1260 3742 supplet
1276 3658 1373 3724 SchW.
1390 3659 1510 3723 vertens
1536 3680 1635 3743 „quo

275 3765 408 3850 primum
434 3767 592 3845 susceptae
615 3765 706 3829 sunt“
734 3764 788 3829 sed
811 3766 845 3830 οἱ
861 3765 1019 3852 iiidcccl,
1042 3764 1172 3843 ciacc,
1192 3766 1242 3830 16.
1268 3764 1435 3831 Genetivus
1458 3773 1518 3830 τοῦ
1543 3769 1634 3853 χρό-

274 3901 332 3940 νου
358 3872 509 3955 dependet
531 3890 549 3937 a
573 3875 864 3961 προαναγράψαι.
911 3870 1069 3938 Sententia
1092 3871 1172 3938 inest
1194 3873 1282 3938 haec:
1312 3873 1431 3952 „visum
1455 3870 1533 3937 mihi
1558 3881 1636 3956 est,

274 3980 337 4045 iam
361 3981 432 4044 ante
461 3961 689 4043 describendam
713 3977 900 4062 (Octaviani)
930 3980 1079 4057 aetatem,
1109 3998 1169 4062 qua
1195 3980 1278 4061 capti
1306 3978 1391 4058 sunt,
1419 3977 1638 4060 Illyricorum

275 4107 321 4153 res
343 4105 440 4168 usque
462 4084 500 4150 ad
524 4086 616 4150 linem
640 4084 842 4151 conscribenti
865 4091 1034 4152 enarrare.“

381 4191 494 4271 562‚6
522 4193 562 4258 οἳ
585 4192 694 4259 πάντα
721 4193 841 4278 ἄμικτα
868 4196 924 4261 καὶ
950 4194 1089 4260 ἄπλατα
1112 4205 1182 4272 ταῖς
1213 4193 1346 4260 πόλεσιν
1369 4191 1403 4270 ἐς
1431 4190 1568 4280 άλλήλο
1585 4225 1644 4280 υς

276 4297 424 4374 ἐποίουν,
449 4295 523 4364 Stfc.
547 4298 701 4390 ἀλλήλας,
724 4297 800 4366 Mra.

385 4405 460 4484 469,
480 4405 521 4470 13
546 4407 582 4472 αἱ
605 4411 716 4495 Θῆβαι
729 4457 735 4470 .
748 4457 775 4471 ..
801 4406 981 4490 ἐλόμενοιΞ

383 4513 456 4590 167,
468 4513 509 4576 25
526 4513 545 4602 ἡ
564 4513 599 4580 δὲ
608 4513 712 4592 πόλις,
723 4512 983 4605 ἀπαγγελθείσης
993 4523 1047 4601 τῆς
1057 4522 1239 4603 συμφορᾶς,
1255 4515 1294 4581 οἳ
1303 4513 1382 4599 μὲν.
1397 4566 1403 4580 .
1417 4565 1423 4578 .
1435 4511 1650 4601 ἐθρήνουν,

277 4621 402 4630 ——-.

384 4654 406 4726 l)
417 4623 508 4710 *et-de
526 4652 600 4724 grad.
619 4667 702 4726 ccmp.
