<?xml version="1.0" encoding="UTF-8"?>
<!DOCTYPE html PUBLIC "-//W3C//DTD XHTML 1.0 Transitional//EN"
    "http://www.w3.org/TR/xhtml1/DTD/xhtml1-transitional.dtd">
<html xmlns="http://www.w3.org/1999/xhtml" xml:lang="en" lang="en">
 <head>
  <title>
</title>
<meta http-equiv="Content-Type" content="text/html;charset=utf-8" />
  <meta name='ocr-system' content='tesseract 3.04.00' />
  <meta name='ocr-capabilities' content='ocr_page ocr_carea ocr_par ocr_line ocrx_word'/>
</head>
<body>
  <div class='ocr_page' id='page_1' title='image "./deappianielocut00kratgoog_0024.png"; bbox 0 0 3440 5238; ppageno 0'>
   <div class='ocr_carea' id='block_1_1' title="bbox 8 667 19 710">
    <p class='ocr_par' dir='ltr' id='par_1_1' title="bbox 8 667 19 710">
     <span class='ocr_line' id='line_1_1' title="bbox 8 667 19 710; baseline 0 0"><span class='ocrx_word' id='word_1_1' title='bbox 8 667 19 710; x_wconf 72' lang='lat' dir='ltr'>h</span> 
     </span>
    </p>
   </div>
   <div class='ocr_carea' id='block_1_2' title="bbox 677 419 899 486">
    <p class='ocr_par' dir='ltr' id='par_1_2' title="bbox 677 419 899 486">
     <span class='ocr_line' id='line_1_2' title="bbox 677 419 899 486; baseline 0.005 -18"><span class='ocrx_word' id='word_1_2' title='bbox 677 419 899 486; x_wconf 72' lang='lat'><strong>..13-</strong></span> 
     </span>
    </p>
   </div>
   <div class='ocr_carea' id='block_1_3' title="bbox 119 612 1456 816">
    <p class='ocr_par' dir='ltr' id='par_1_3' title="bbox 119 612 1456 816">
     <span class='ocr_line' id='line_1_3' title="bbox 230 612 1456 716; baseline 0.013 -40"><span class='ocrx_word' id='word_1_3' title='bbox 230 612 363 694; x_wconf 65' lang='grc'>10966</span> <span class='ocrx_word' id='word_1_4' title='bbox 387 619 634 701; x_wconf 69' lang='grc' dir='ltr'><strong><em>συμπέπλεκται</em></strong></span> <span class='ocrx_word' id='word_1_5' title='bbox 656 617 716 705; x_wconf 80' lang='grc' dir='ltr'><strong><em>γάρ</em></strong></span> <span class='ocrx_word' id='word_1_6' title='bbox 740 612 789 694; x_wconf 83' lang='grc' dir='ltr'><strong><em>οἷς</em></strong></span> <span class='ocrx_word' id='word_1_7' title='bbox 813 618 905 695; x_wconf 70' lang='grc' dir='ltr'><strong><em>ἄξιον</em></strong></span> <span class='ocrx_word' id='word_1_8' title='bbox 927 621 1013 703; x_wconf 76' lang='grc' dir='ltr'><strong><em>ὑμᾶς</em></strong></span> <span class='ocrx_word' id='word_1_9' title='bbox 1040 626 1168 689; x_wconf 91' lang='grc' dir='ltr'><strong><em>παθεῖν</em></strong></span> <span class='ocrx_word' id='word_1_10' title='bbox 1196 625 1231 688; x_wconf 77' lang='grc' dir='ltr'><strong><em>τί</em></strong></span> <span class='ocrx_word' id='word_1_11' title='bbox 1261 635 1456 716; x_wconf 80' lang='grc' dir='ltr'><strong><em>προσῆκον</em></strong></span> 
     </span>
     <span class='ocr_line' id='line_1_4' title="bbox 119 709 1125 816; baseline 0.013 -34"><span class='ocrx_word' id='word_1_12' title='bbox 119 709 171 783; x_wconf 72' lang='grc' dir='ltr'><strong><em>τόν</em></strong></span> <span class='ocrx_word' id='word_1_13' title='bbox 195 717 254 801; x_wconf 74' lang='grc' dir='ltr'><strong><em>ε’μλ</em></strong></span> <span class='ocrx_word' id='word_1_14' title='bbox 277 722 402 789; x_wconf 81' lang='grc' dir='ltr'><strong><em>δικαιόν</em></strong></span> <span class='ocrx_word' id='word_1_15' title='bbox 426 722 493 791; x_wconf 82' lang='grc' dir='ltr'><strong><em>ε’στι</em></strong></span> <span class='ocrx_word' id='word_1_16' title='bbox 516 735 633 802; x_wconf 83' lang='grc' dir='ltr'><strong><em>ποιεῖν,</em></strong></span> <span class='ocrx_word' id='word_1_17' title='bbox 655 723 693 790; x_wconf 89' lang='lat' dir='ltr'><strong><em>N.</em></strong></span> <span class='ocrx_word' id='word_1_18' title='bbox 718 724 805 800; x_wconf 67' lang='lat' dir='ltr'><strong>Mic„</strong></span> <span class='ocrx_word' id='word_1_19' title='bbox 829 724 928 796; x_wconf 84' lang='lat' dir='ltr'><strong>Mufd.</strong></span> <span class='ocrx_word' id='word_1_20' title='bbox 952 737 1125 816; x_wconf 79' lang='grc' dir='ltr'><strong><em>προσῆκον.</em></strong></span> 
     </span>
    </p>
   </div>
   <div class='ocr_carea' id='block_1_4' title="bbox 120 827 1456 1136">
    <p class='ocr_par' dir='ltr' id='par_1_4' title="bbox 120 827 1456 1136">
     <span class='ocr_line' id='line_1_5' title="bbox 231 827 1453 922; baseline 0.012 -32"><span class='ocrx_word' id='word_1_21' title='bbox 231 827 364 907; x_wconf 92' lang='grc'>1101,3</span> <span class='ocrx_word' id='word_1_22' title='bbox 387 830 524 909; x_wconf 76' lang='grc' dir='ltr'><strong><em>ἐλπίζων</em></strong></span> <span class='ocrx_word' id='word_1_23' title='bbox 550 832 586 898; x_wconf 77' lang='grc' dir='ltr'><strong><em>δὲ</em></strong></span> <span class='ocrx_word' id='word_1_24' title='bbox 609 832 630 922; x_wconf 87' lang='grc' dir='ltr'><strong><em>ή</em></strong></span> <span class='ocrx_word' id='word_1_25' title='bbox 653 834 738 919; x_wconf 79' lang='grc' dir='ltr'><strong><em>φίλω</em></strong></span> <span class='ocrx_word' id='word_1_26' title='bbox 768 831 815 898; x_wconf 81' lang='grc' dir='ltr'><strong><em>ἔτι</em></strong></span> <span class='ocrx_word' id='word_1_27' title='bbox 839 835 908 898; x_wconf 80' lang='grc' dir='ltr'><strong><em>ὅντι</em></strong></span> <span class='ocrx_word' id='word_1_28' title='bbox 931 835 1091 921; x_wconf 74' lang='grc' dir='ltr'><strong><em>φυλάξειν</em></strong></span> <span class='ocrx_word' id='word_1_29' title='bbox 1116 872 1154 882; x_wconf 94' lang='grc'>-</span> <span class='ocrx_word' id='word_1_30' title='bbox 1179 856 1220 902; x_wconf 82' lang='lat' dir='ltr'><strong>sc.</strong></span> <span class='ocrx_word' id='word_1_31' title='bbox 1250 838 1389 922; x_wconf 88' lang='grc' dir='ltr'><strong><em>στρατόν</em></strong></span> <span class='ocrx_word' id='word_1_32' title='bbox 1415 877 1453 884; x_wconf 93' lang='grc'>-</span> 
     </span>
     <span class='ocr_line' id='line_1_6' title="bbox 120 935 1455 1028; baseline 0.007 -29"><span class='ocrx_word' id='word_1_33' title='bbox 120 935 141 1020; x_wconf 85' lang='grc' dir='ltr'><em>ἢ</em></span> <span class='ocrx_word' id='word_1_34' title='bbox 165 936 389 1018; x_wconf 78' lang='grc' dir='ltr'><strong><em>πολεμοῦντος</em></strong></span> <span class='ocrx_word' id='word_1_35' title='bbox 410 939 553 1028; x_wconf 85' lang='grc' dir='ltr'><strong><em>μεγάλην</em></strong></span> <span class='ocrx_word' id='word_1_36' title='bbox 575 938 669 1023; x_wconf 81' lang='grc' dir='ltr'><strong><em>ἰσχύν</em></strong></span> <span class='ocrx_word' id='word_1_37' title='bbox 684 939 950 1027; x_wconf 82' lang='grc' dir='ltr'><strong><em>προσλήψεσθαι,</em></strong></span> <span class='ocrx_word' id='word_1_38' title='bbox 976 938 1106 1006; x_wconf 78' lang='lat' dir='ltr'><strong>Schwrv.</strong></span> <span class='ocrx_word' id='word_1_39' title='bbox 1137 942 1182 1021; x_wconf 83' lang='lat' dir='ltr'><strong><em>„si</em></strong></span> <span class='ocrx_word' id='word_1_40' title='bbox 1197 943 1229 1007; x_wconf 91' lang='lat' dir='ltr'><strong><em>in</em></strong></span> <span class='ocrx_word' id='word_1_41' title='bbox 1246 942 1372 1009; x_wconf 79' lang='lat' dir='ltr'><strong>amicita</strong></span> <span class='ocrx_word' id='word_1_42' title='bbox 1387 965 1455 1027; x_wconf 88' lang='lat' dir='ltr'><strong>per-</strong></span> 
     </span>
     <span class='ocr_line' id='line_1_7' title="bbox 120 1042 1456 1136; baseline 0.009 -32"><span class='ocrx_word' id='word_1_43' title='bbox 120 1042 267 1120; x_wconf 79' lang='lat' dir='ltr'><strong>maneret,</strong></span> <span class='ocrx_word' id='word_1_44' title='bbox 300 1061 332 1108; x_wconf 91' lang='lat' dir='ltr'><strong>se</strong></span> <span class='ocrx_word' id='word_1_45' title='bbox 364 1043 392 1108; x_wconf 93' lang='lat' dir='ltr'><strong>ei</strong></span> <span class='ocrx_word' id='word_1_46' title='bbox 424 1043 495 1110; x_wconf 88' lang='lat' dir='ltr'><strong>illas</strong></span> <span class='ocrx_word' id='word_1_47' title='bbox 526 1045 626 1129; x_wconf 84' lang='lat' dir='ltr'><strong>copias</strong></span> <span class='ocrx_word' id='word_1_48' title='bbox 650 1048 915 1125; x_wconf 64' lang='lat' dir='ltr'><strong>conservaturum</strong></span> <span class='ocrx_word' id='word_1_49' title='bbox 949 1047 995 1111; x_wconf 88' lang='lat' dir='ltr'><strong><em>sin</em></strong></span> <span class='ocrx_word' id='word_1_50' title='bbox 1020 1047 1136 1113; x_wconf 88' lang='lat' dir='ltr'><strong>bellum</strong></span> <span class='ocrx_word' id='word_1_51' title='bbox 1166 1050 1312 1134; x_wconf 85' lang='lat' dir='ltr'><strong>agitaret,</strong></span> <span class='ocrx_word' id='word_1_52' title='bbox 1343 1071 1456 1136; x_wconf 84' lang='lat' dir='ltr'><strong>magno</strong></span> 
     </span>
    </p>
   </div>
   <div class='ocr_carea' id='block_1_5' title="bbox 121 1147 780 1218">
    <p class='ocr_par' dir='ltr' id='par_1_5' title="bbox 8 1147 780 1218">
     <span class='ocr_line' id='line_1_8' title="bbox 121 1147 780 1218; baseline 0.01 -8.829"><span class='ocrx_word' id='word_1_53' title='bbox 121 1147 228 1212; x_wconf 84' lang='lat' dir='ltr'><strong>robore</strong></span> <span class='ocrx_word' id='word_1_54' title='bbox 250 1151 381 1217; x_wconf 86' lang='lat' dir='ltr'><strong>contra</strong></span> <span class='ocrx_word' id='word_1_55' title='bbox 405 1171 484 1217; x_wconf 89' lang='lat' dir='ltr'><strong>eum</strong></span> <span class='ocrx_word' id='word_1_56' title='bbox 508 1153 690 1218; x_wconf 80' lang='lat' dir='ltr'><strong>se‘auctum</strong></span> <span class='ocrx_word' id='word_1_57' title='bbox 712 1152 780 1216; x_wconf 83' lang='lat' dir='ltr'><strong>iri.“</strong></span> 
     </span>
    </p>
   </div>
   <div class='ocr_carea' id='block_1_6' title="bbox 120 1257 1457 1563">
    <p class='ocr_par' dir='ltr' id='par_1_6' title="bbox 120 1257 1457 1563">
     <span class='ocr_line' id='line_1_9' title="bbox 231 1257 1455 1349; baseline 0.01 -29"><span class='ocrx_word' id='word_1_58' title='bbox 231 1257 370 1338; x_wconf 81' lang='lat'>1143,5</span> <span class='ocrx_word' id='word_1_59' title='bbox 392 1268 546 1344; x_wconf 81' lang='grc' dir='ltr'><strong><em>χειμῶνος</em></strong></span> <span class='ocrx_word' id='word_1_60' title='bbox 570 1260 788 1349; x_wconf 70' lang='grc' dir='ltr'><strong><em>ἐτεθνήκεσαν</em></strong></span> <span class='ocrx_word' id='word_1_61' title='bbox 811 1259 938 1326; x_wconf 82' lang='lat' dir='ltr'><strong>Schwfc.</strong></span> <span class='ocrx_word' id='word_1_62' title='bbox 966 1261 1032 1328; x_wconf 77' lang='grc' dir='ltr'><strong><em>ύπῖ</em></strong></span> <span class='ocrx_word' id='word_1_63' title='bbox 1058 1275 1227 1347; x_wconf 89' lang='grc' dir='ltr'><strong><em>χειμῶνος,</em></strong></span> <span class='ocrx_word' id='word_1_64' title='bbox 1257 1263 1389 1342; x_wconf 73' lang='grc'>11465</span> <span class='ocrx_word' id='word_1_65' title='bbox 1413 1265 1455 1344; x_wconf 84' lang='grc' dir='ltr'><strong><em>ῶς</em></strong></span> 
     </span>
     <span class='ocr_line' id='line_1_10' title="bbox 121 1361 1457 1456; baseline 0.007 -30"><span class='ocrx_word' id='word_1_66' title='bbox 121 1361 178 1428; x_wconf 75' lang='grc' dir='ltr'><strong><em>ἐπὶ</em></strong></span> <span class='ocrx_word' id='word_1_67' title='bbox 208 1366 411 1456; x_wconf 79' lang='grc' dir='ltr'><strong><em>Μηνοδώρου</em></strong></span> <span class='ocrx_word' id='word_1_68' title='bbox 442 1366 567 1455; x_wconf 74' lang='grc' dir='ltr'><strong><em>θήραν,</em></strong></span> <span class='ocrx_word' id='word_1_69' title='bbox 597 1366 672 1432; x_wconf 85' lang='lat' dir='ltr'><strong>Mic.</strong></span> <span class='ocrx_word' id='word_1_70' title='bbox 703 1367 836 1432; x_wconf 89' lang='lat' dir='ltr'><strong>ceterum</strong></span> <span class='ocrx_word' id='word_1_71' title='bbox 867 1386 955 1432; x_wconf 87' lang='lat' dir='ltr'><strong>versu</strong></span> <span class='ocrx_word' id='word_1_72' title='bbox 985 1369 1180 1434; x_wconf 76' lang='lat' dir='ltr'><strong>antecedente</strong></span> <span class='ocrx_word' id='word_1_73' title='bbox 1202 1371 1247 1436; x_wconf 88' lang='lat' dir='ltr'><strong><em>M.</em></strong></span> <span class='ocrx_word' id='word_1_74' title='bbox 1271 1371 1349 1436; x_wconf 82' lang='lat' dir='ltr'><strong>falso</strong></span> <span class='ocrx_word' id='word_1_75' title='bbox 1379 1371 1457 1436; x_wconf 91' lang='lat' dir='ltr'><strong>mihi</strong></span> 
     </span>
     <span class='ocr_line' id='line_1_11' title="bbox 120 1468 1456 1563; baseline 0.009 -30"><span class='ocrx_word' id='word_1_76' title='bbox 120 1468 242 1535; x_wconf 77' lang='lat' dir='ltr'><strong>videtur</strong></span> <span class='ocrx_word' id='word_1_77' title='bbox 265 1471 420 1555; x_wconf 81' lang='lat' dir='ltr'><strong>scripsisse</strong></span> <span class='ocrx_word' id='word_1_78' title='bbox 444 1472 480 1538; x_wconf 83' lang='grc' dir='ltr'><strong><em>ἐκ</em></strong></span> <span class='ocrx_word' id='word_1_79' title='bbox 497 1482 562 1540; x_wconf 88' lang='grc' dir='ltr'><strong><em>τῶν</em></strong></span> <span class='ocrx_word' id='word_1_80' title='bbox 577 1472 661 1560; x_wconf 84' lang='grc' dir='ltr'><strong><em>όρῶν</em></strong></span> <span class='ocrx_word' id='word_1_81' title='bbox 674 1474 894 1561; x_wconf 79' lang='grc' dir='ltr'><strong><em>καθορώντων</em></strong></span> <span class='ocrx_word' id='word_1_82' title='bbox 909 1479 963 1540; x_wconf 90' lang='grc' dir='ltr'><strong><em>καῖ</em></strong></span> <span class='ocrx_word' id='word_1_83' title='bbox 986 1475 1240 1563; x_wconf 71' lang='grc' dir='ltr'><strong><em>καταθορόντων</em></strong></span> <span class='ocrx_word' id='word_1_84' title='bbox 1256 1476 1355 1545; x_wconf 81' lang='lat' dir='ltr'><strong>Schw.</strong></span> <span class='ocrx_word' id='word_1_85' title='bbox 1375 1481 1456 1544; x_wconf 80' lang='lat' dir='ltr'><strong>recte</strong></span> 
     </span>
    </p>
   </div>
   <div class='ocr_carea' id='block_1_7' title="bbox 115 1575 1457 4554">
    <p class='ocr_par' dir='ltr' id='par_1_7' title="bbox 119 1575 1457 1754">
     <span class='ocr_line' id='line_1_12' title="bbox 121 1575 1457 1671; baseline 0.007 -28"><span class='ocrx_word' id='word_1_86' title='bbox 121 1575 159 1644; x_wconf 77' lang='grc' dir='ltr'><strong><em>ἐκ</em></strong></span> <span class='ocrx_word' id='word_1_87' title='bbox 184 1588 249 1644; x_wconf 82' lang='grc' dir='ltr'><strong><em>των</em></strong></span> <span class='ocrx_word' id='word_1_88' title='bbox 271 1578 355 1665; x_wconf 76' lang='grc' dir='ltr'><strong><em>ὀροῖν</em></strong></span> <span class='ocrx_word' id='word_1_89' title='bbox 369 1579 637 1668; x_wconf 77' lang='grc' dir='ltr'><strong><em>καταθορόντων;</em></strong></span> <span class='ocrx_word' id='word_1_90' title='bbox 661 1599 732 1646; x_wconf 85' lang='lat' dir='ltr'><strong>narn</strong></span> <span class='ocrx_word' id='word_1_91' title='bbox 757 1580 923 1662; x_wconf 81' lang='lat' dir='ltr'><strong>scripturae</strong></span> <span class='ocrx_word' id='word_1_92' title='bbox 940 1581 975 1649; x_wconf 87' lang='lat' dir='ltr'><strong><em>V.</em></strong></span> <span class='ocrx_word' id='word_1_93' title='bbox 998 1583 1030 1647; x_wconf 88' lang='lat' dir='ltr'><strong>et</strong></span> <span class='ocrx_word' id='word_1_94' title='bbox 1052 1603 1071 1648; x_wconf 92' lang='lat' dir='ltr'><strong>a</strong></span> <span class='ocrx_word' id='word_1_95' title='bbox 1094 1603 1128 1648; x_wconf 86' lang='lat' dir='ltr'><strong>ex</strong></span> <span class='ocrx_word' id='word_1_96' title='bbox 1152 1585 1348 1650; x_wconf 84' lang='lat' dir='ltr'><strong>antecedente</strong></span> <span class='ocrx_word' id='word_1_97' title='bbox 1372 1585 1457 1671; x_wconf 77' lang='grc' dir='ltr'><strong><em>ὀρῶν</em></strong></span> 
     </span>
     <span class='ocr_line' id='line_1_13' title="bbox 119 1684 728 1754; baseline 0.008 -6"><span class='ocrx_word' id='word_1_98' title='bbox 119 1684 238 1750; x_wconf 86' lang='lat' dir='ltr'><strong>lihrarii</strong></span> <span class='ocrx_word' id='word_1_99' title='bbox 262 1704 361 1753; x_wconf 90' lang='lat' dir='ltr'><strong>errore</strong></span> <span class='ocrx_word' id='word_1_100' title='bbox 383 1686 525 1752; x_wconf 87' lang='lat' dir='ltr'><strong>ridentur</strong></span> <span class='ocrx_word' id='word_1_101' title='bbox 547 1705 612 1752; x_wconf 88' lang='lat' dir='ltr'><strong>esse</strong></span> <span class='ocrx_word' id='word_1_102' title='bbox 635 1689 728 1754; x_wconf 85' lang='lat' dir='ltr'><strong>ortae.</strong></span> 
     </span>
    </p>

    <p class='ocr_par' dir='ltr' id='par_1_8' title="bbox 117 1792 1456 2520">
     <span class='ocr_line' id='line_1_14' title="bbox 228 1792 1455 1887; baseline 0.007 -30"><span class='ocrx_word' id='word_1_103' title='bbox 228 1792 335 1858; x_wconf 87' lang='lat' dir='ltr'><strong>Artius</strong></span> <span class='ocrx_word' id='word_1_104' title='bbox 358 1793 437 1859; x_wconf 90' lang='lat' dir='ltr'><strong>inter</strong></span> <span class='ocrx_word' id='word_1_105' title='bbox 453 1813 492 1870; x_wconf 66' lang='lat' dir='ltr'><strong>‚se</strong></span> <span class='ocrx_word' id='word_1_106' title='bbox 514 1794 674 1859; x_wconf 84' lang='lat' dir='ltr'><strong>cohaerent</strong></span> <span class='ocrx_word' id='word_1_107' title='bbox 695 1793 754 1858; x_wconf 91' lang='lat' dir='ltr'><strong>loci</strong></span> <span class='ocrx_word' id='word_1_108' title='bbox 778 1794 913 1871; x_wconf 80' lang='lat'>644,14</span> <span class='ocrx_word' id='word_1_109' title='bbox 937 1795 1036 1886; x_wconf 81' lang='grc' dir='ltr'><strong><em>(νίκης</em></strong></span> <span class='ocrx_word' id='word_1_110' title='bbox 1051 1798 1073 1887; x_wconf 78' lang='grc' dir='ltr'><em>ἢ</em></span> <span class='ocrx_word' id='word_1_111' title='bbox 1089 1798 1319 1884; x_wconf 76' lang='grc' dir='ltr'><strong><em>πανωλεθρίας</em></strong></span> <span class='ocrx_word' id='word_1_112' title='bbox 1342 1800 1455 1884; x_wconf 67' lang='grc' dir='ltr'><strong><em>μέσον)</em></strong></span> 
     </span>
     <span class='ocr_line' id='line_1_15' title="bbox 121 1900 1454 1991; baseline 0.005 -27"><span class='ocrx_word' id='word_1_113' title='bbox 121 1900 256 1978; x_wconf 89' lang='grc'>741,19</span> <span class='ocrx_word' id='word_1_114' title='bbox 280 1902 352 1982; x_wconf 86' lang='grc' dir='ltr'><strong><em>(τοῦ</em></strong></span> <span class='ocrx_word' id='word_1_115' title='bbox 377 1908 552 1991; x_wconf 86' lang='grc' dir='ltr'><strong><em>Πομπηίου</em></strong></span> <span class='ocrx_word' id='word_1_116' title='bbox 578 1902 634 1967; x_wconf 85' lang='grc' dir='ltr'><strong><em>τὸν</em></strong></span> <span class='ocrx_word' id='word_1_117' title='bbox 648 1902 772 1987; x_wconf 75' lang='grc' dir='ltr'><strong><em>Ἀλωρα</em></strong></span> <span class='ocrx_word' id='word_1_118' title='bbox 795 1903 946 1984; x_wconf 83' lang='grc' dir='ltr'><strong><em>ποταμόν</em></strong></span> <span class='ocrx_word' id='word_1_119' title='bbox 969 1901 1005 1969; x_wconf 80' lang='grc' dir='ltr'><strong><em>ἐν</em></strong></span> <span class='ocrx_word' id='word_1_120' title='bbox 1030 1911 1118 1990; x_wconf 74' lang='grc' dir='ltr'><strong><em>μέσην</em></strong></span> <span class='ocrx_word' id='word_1_121' title='bbox 1141 1904 1295 1989; x_wconf 80' lang='grc' dir='ltr'><strong><em>θέμενος)</em></strong></span> <span class='ocrx_word' id='word_1_122' title='bbox 1321 1904 1394 1983; x_wconf 88' lang='grc'>759,</span> <span class='ocrx_word' id='word_1_123' title='bbox 1413 1907 1454 1970; x_wconf 88' lang='grc'><strong><em>25</em></strong></span> 
     </span>
     <span class='ocr_line' id='line_1_16' title="bbox 119 2005 1455 2095; baseline 0.004 -23"><span class='ocrx_word' id='word_1_124' title='bbox 119 2005 168 2088; x_wconf 73' lang='grc' dir='ltr'><strong><em>(ἐς</em></strong></span> <span class='ocrx_word' id='word_1_125' title='bbox 192 2007 228 2074; x_wconf 81' lang='grc' dir='ltr'><strong><em>τό</em></strong></span> <span class='ocrx_word' id='word_1_126' title='bbox 252 2008 375 2092; x_wconf 85' lang='grc' dir='ltr'><strong><em>μεταξύ</em></strong></span> <span class='ocrx_word' id='word_1_127' title='bbox 394 2008 571 2094; x_wconf 78' lang='grc' dir='ltr'><strong><em>Φαρσάλου</em></strong></span> <span class='ocrx_word' id='word_1_128' title='bbox 597 2033 631 2075; x_wconf 91' lang='grc' dir='ltr'><strong><em>τε</em></strong></span> <span class='ocrx_word' id='word_1_129' title='bbox 654 2008 780 2086; x_wconf 84' lang='grc' dir='ltr'><strong><em>πόλεως</em></strong></span> <span class='ocrx_word' id='word_1_130' title='bbox 802 2011 858 2075; x_wconf 85' lang='grc' dir='ltr'><strong><em>καῖ</em></strong></span> <span class='ocrx_word' id='word_1_131' title='bbox 869 2008 1021 2087; x_wconf 81' lang='grc' dir='ltr'><strong><em>Ἐνιπέως</em></strong></span> <span class='ocrx_word' id='word_1_132' title='bbox 1045 2011 1221 2095; x_wconf 81' lang='grc' dir='ltr'><strong><em>ποταμοῦ).</em></strong></span> <span class='ocrx_word' id='word_1_133' title='bbox 1239 2011 1376 2076; x_wconf 81' lang='lat' dir='ltr'><strong>-Item</strong></span> <span class='ocrx_word' id='word_1_134' title='bbox 1397 2013 1455 2078; x_wconf 82' lang='lat' dir='ltr'><strong>loci</strong></span> 
     </span>
     <span class='ocr_line' id='line_1_17' title="bbox 120 2113 1455 2204; baseline 0.006 -27"><span class='ocrx_word' id='word_1_135' title='bbox 120 2114 196 2194; x_wconf 89' lang='grc'>686,</span> <span class='ocrx_word' id='word_1_136' title='bbox 222 2114 272 2181; x_wconf 91' lang='grc'><strong><em>19.</em></strong></span> <span class='ocrx_word' id='word_1_137' title='bbox 301 2113 363 2199; x_wconf 81' lang='grc' dir='ltr'><strong><em>(ἔτι</em></strong></span> <span class='ocrx_word' id='word_1_138' title='bbox 391 2124 454 2181; x_wconf 90' lang='grc' dir='ltr'><strong><em>τῶν</em></strong></span> <span class='ocrx_word' id='word_1_139' title='bbox 482 2114 596 2182; x_wconf 92' lang='grc' dir='ltr'><strong><em>Σύλλα</em></strong></span> <span class='ocrx_word' id='word_1_140' title='bbox 623 2117 679 2181; x_wconf 87' lang='grc' dir='ltr'><strong><em>καῖ</em></strong></span> <span class='ocrx_word' id='word_1_141' title='bbox 701 2122 836 2203; x_wconf 88' lang='grc' dir='ltr'><strong><em>Μαρίου</em></strong></span> <span class='ocrx_word' id='word_1_142' title='bbox 867 2124 974 2180; x_wconf 81' lang='grc' dir='ltr'><strong><em>κακῶν</em></strong></span> <span class='ocrx_word' id='word_1_143' title='bbox 1002 2115 1242 2204; x_wconf 82' lang='grc' dir='ltr'><strong><em>α’ναφέροντες,</em></strong></span> <span class='ocrx_word' id='word_1_144' title='bbox 1270 2117 1359 2182; x_wconf 83' lang='lat' dir='ltr'><strong>vac.</strong></span> <span class='ocrx_word' id='word_1_145' title='bbox 1394 2129 1455 2185; x_wconf 90' lang='grc' dir='ltr'><strong><em>τῶν</em></strong></span> 
     </span>
     <span class='ocr_line' id='line_1_18' title="bbox 119 2215 1456 2309; baseline 0.005 -24"><span class='ocrx_word' id='word_1_146' title='bbox 119 2219 189 2304; x_wconf 83' lang='grc' dir='ltr'><strong><em>ε’πῖ)</em></strong></span> <span class='ocrx_word' id='word_1_147' title='bbox 213 2221 287 2299; x_wconf 87' lang='grc'>945,</span> <span class='ocrx_word' id='word_1_148' title='bbox 306 2223 323 2285; x_wconf 88' lang='grc'>7</span> <span class='ocrx_word' id='word_1_149' title='bbox 350 2221 446 2304; x_wconf 91' lang='grc' dir='ltr'><strong><em>(κατα</em></strong></span> <span class='ocrx_word' id='word_1_150' title='bbox 469 2222 602 2290; x_wconf 89' lang='grc' dir='ltr'><strong><em>Σύλλαν</em></strong></span> <span class='ocrx_word' id='word_1_151' title='bbox 623 2226 678 2290; x_wconf 86' lang='grc' dir='ltr'><strong><em>καὶ</em></strong></span> <span class='ocrx_word' id='word_1_152' title='bbox 701 2223 841 2309; x_wconf 87' lang='grc' dir='ltr'><strong><em>Μάριον,</em></strong></span> <span class='ocrx_word' id='word_1_153' title='bbox 866 2215 910 2288; x_wconf 79' lang='grc' dir='ltr'><strong><em>ὧν</em></strong></span> <span class='ocrx_word' id='word_1_154' title='bbox 933 2221 1049 2305; x_wconf 87' lang='grc' dir='ltr'><strong><em>ὁμοίως</em></strong></span> <span class='ocrx_word' id='word_1_155' title='bbox 1073 2224 1113 2288; x_wconf 79' lang='grc' dir='ltr'><strong><em>τά</em></strong></span> <span class='ocrx_word' id='word_1_156' title='bbox 1138 2223 1367 2309; x_wconf 76' lang='grc' dir='ltr'><strong><em>γνωριμώτατα</em></strong></span> <span class='ocrx_word' id='word_1_157' title='bbox 1393 2239 1456 2292; x_wconf 88' lang='grc' dir='ltr'><strong><em>τῶν</em></strong></span> 
     </span>
     <span class='ocr_line' id='line_1_19' title="bbox 118 2326 1453 2417; baseline 0.005 -26"><span class='ocrx_word' id='word_1_158' title='bbox 118 2336 237 2402; x_wconf 87' lang='grc' dir='ltr'><strong><em>κακῶν,</em></strong></span> <span class='ocrx_word' id='word_1_159' title='bbox 260 2326 350 2409; x_wconf 78' lang='lat' dir='ltr'><strong>Mic.)</strong></span> <span class='ocrx_word' id='word_1_160' title='bbox 376 2328 485 2407; x_wconf 87' lang='grc'>722,1</span> <span class='ocrx_word' id='word_1_161' title='bbox 512 2330 589 2414; x_wconf 89' lang='grc' dir='ltr'><strong><em>(τῶν</em></strong></span> <span class='ocrx_word' id='word_1_162' title='bbox 611 2337 747 2417; x_wconf 85' lang='grc' dir='ltr'><strong><em>Μαρίου</em></strong></span> <span class='ocrx_word' id='word_1_163' title='bbox 771 2334 826 2396; x_wconf 83' lang='grc' dir='ltr'><strong><em>καί</em></strong></span> <span class='ocrx_word' id='word_1_164' title='bbox 848 2329 961 2397; x_wconf 90' lang='grc' dir='ltr'><strong><em>Σύλλα</em></strong></span> <span class='ocrx_word' id='word_1_165' title='bbox 984 2339 1100 2406; x_wconf 91' lang='grc' dir='ltr'><strong><em>κακῶν,</em></strong></span> <span class='ocrx_word' id='word_1_166' title='bbox 1123 2330 1198 2396; x_wconf 86' lang='lat' dir='ltr'><strong>Mfe.</strong></span> <span class='ocrx_word' id='word_1_167' title='bbox 1224 2340 1287 2397; x_wconf 89' lang='grc' dir='ltr'><strong><em>τῶν</em></strong></span> <span class='ocrx_word' id='word_1_168' title='bbox 1310 2331 1391 2414; x_wconf 78' lang='grc' dir='ltr'><strong><em>ε’πῖ),</em></strong></span> <span class='ocrx_word' id='word_1_169' title='bbox 1415 2334 1453 2399; x_wconf 80' lang='lat' dir='ltr'><strong>ci.</strong></span> 
     </span>
     <span class='ocr_line' id='line_1_20' title="bbox 117 2433 1227 2520; baseline 0.005 -23"><span class='ocrx_word' id='word_1_170' title='bbox 117 2433 201 2498; x_wconf 83' lang='lat' dir='ltr'><strong>locos</strong></span> <span class='ocrx_word' id='word_1_171' title='bbox 225 2434 300 2513; x_wconf 83' lang='lat'><strong>567,</strong></span> <span class='ocrx_word' id='word_1_172' title='bbox 320 2436 348 2512; x_wconf 86' lang='grc'><strong><em>7,</em></strong></span> <span class='ocrx_word' id='word_1_173' title='bbox 366 2436 418 2500; x_wconf 88' lang='grc'><strong><em>23.</em></strong></span> <span class='ocrx_word' id='word_1_174' title='bbox 445 2436 579 2516; x_wconf 90' lang='grc'>720,19</span> <span class='ocrx_word' id='word_1_175' title='bbox 605 2435 694 2517; x_wconf 80' lang='lat' dir='ltr'>(Mfd.</span> <span class='ocrx_word' id='word_1_176' title='bbox 719 2439 839 2520; x_wconf 84' lang='grc' dir='ltr'><strong><em>κακῶν)</em></strong></span> <span class='ocrx_word' id='word_1_177' title='bbox 865 2436 939 2516; x_wconf 89' lang='grc'>808,</span> <span class='ocrx_word' id='word_1_178' title='bbox 957 2438 987 2503; x_wconf 87' lang='grc'><strong><em>3.</em></strong></span> <span class='ocrx_word' id='word_1_179' title='bbox 1013 2437 1087 2513; x_wconf 91' lang='grc'>821,</span> <span class='ocrx_word' id='word_1_180' title='bbox 1106 2438 1159 2503; x_wconf 87' lang='grc'><strong><em>24.</em></strong></span> <span class='ocrx_word' id='word_1_181' title='bbox 1184 2475 1227 2484; x_wconf 95' lang='grc'>-</span> 
     </span>
    </p>

    <p class='ocr_par' dir='ltr' id='par_1_9' title="bbox 115 2541 1456 2954">
     <span class='ocr_line' id='line_1_21' title="bbox 230 2541 1455 2633; baseline 0.007 -28"><span class='ocrx_word' id='word_1_182' title='bbox 230 2541 359 2620; x_wconf 88' lang='grc'>749,11</span> <span class='ocrx_word' id='word_1_183' title='bbox 380 2543 435 2608; x_wconf 85' lang='grc' dir='ltr'><strong><em>τόν</em></strong></span> <span class='ocrx_word' id='word_1_184' title='bbox 452 2544 558 2626; x_wconf 78' lang='grc' dir='ltr'><strong><em>φόβον</em></strong></span> <span class='ocrx_word' id='word_1_185' title='bbox 575 2553 627 2631; x_wconf 77' lang='grc' dir='ltr'><strong><em>τῆς</em></strong></span> <span class='ocrx_word' id='word_1_186' title='bbox 643 2543 747 2633; x_wconf 78' lang='grc' dir='ltr'><strong><em>ἥττης,</em></strong></span> <span class='ocrx_word' id='word_1_187' title='bbox 770 2543 844 2608; x_wconf 78' lang='lat' dir='ltr'><strong>Mic,</strong></span> <span class='ocrx_word' id='word_1_188' title='bbox 862 2542 906 2609; x_wconf 80' lang='grc' dir='ltr'><strong><em>ἐκ.</em></strong></span> <span class='ocrx_word' id='word_1_189' title='bbox 926 2544 1000 2623; x_wconf 90' lang='grc'>588,</span> <span class='ocrx_word' id='word_1_190' title='bbox 1018 2545 1039 2608; x_wconf 84' lang='grc'><strong>3</strong></span> <span class='ocrx_word' id='word_1_191' title='bbox 1055 2545 1140 2611; x_wconf 80' lang='grc' dir='ltr'><strong><em>κατά</em></strong></span> <span class='ocrx_word' id='word_1_192' title='bbox 1156 2545 1256 2624; x_wconf 82' lang='grc' dir='ltr'><strong><em>δόξαν</em></strong></span> <span class='ocrx_word' id='word_1_193' title='bbox 1276 2546 1455 2633; x_wconf 80' lang='grc' dir='ltr'><strong><em>εύκαρπίας</em></strong></span> 
     </span>
     <span class='ocr_line' id='line_1_22' title="bbox 118 2642 1456 2744; baseline 0.006 -32"><span class='ocrx_word' id='word_1_194' title='bbox 118 2647 255 2728; x_wconf 83' lang='grc' dir='ltr'>670,Ῑὸ</span> <span class='ocrx_word' id='word_1_195' title='bbox 279 2649 314 2714; x_wconf 83' lang='grc' dir='ltr'><strong><em>τό</em></strong></span> <span class='ocrx_word' id='word_1_196' title='bbox 332 2659 492 2735; x_wconf 82' lang='grc' dir='ltr'><strong><em>σφέτερον</em></strong></span> <span class='ocrx_word' id='word_1_197' title='bbox 514 2647 608 2727; x_wconf 65' lang='lat' dir='ltr'><strong>deneg</strong></span> <span class='ocrx_word' id='word_1_198' title='bbox 632 2642 677 2716; x_wconf 80' lang='grc' dir='ltr'><strong><em>ῶν</em></strong></span> <span class='ocrx_word' id='word_1_199' title='bbox 694 2660 736 2738; x_wconf 77' lang='grc' dir='ltr'><strong><em>τῷ</em></strong></span> <span class='ocrx_word' id='word_1_200' title='bbox 751 2650 863 2744; x_wconf 71' lang='grc' dir='ltr'><strong><em>Σύλλα</em></strong></span> <span class='ocrx_word' id='word_1_201' title='bbox 880 2650 1182 2739; x_wconf 75' lang='grc' dir='ltr'><strong><em>συνεπεπράχεσαν.</em></strong></span> <span class='ocrx_word' id='word_1_202' title='bbox 1208 2653 1283 2732; x_wconf 87' lang='grc'>555,</span> <span class='ocrx_word' id='word_1_203' title='bbox 1305 2652 1354 2718; x_wconf 90' lang='grc'><strong><em>17.</em></strong></span> <span class='ocrx_word' id='word_1_204' title='bbox 1380 2657 1456 2736; x_wconf 84' lang='grc' dir='ltr'><strong><em>περὶ</em></strong></span> 
     </span>
     <span class='ocr_line' id='line_1_23' title="bbox 115 2754 1456 2849; baseline 0.004 -29"><span class='ocrx_word' id='word_1_205' title='bbox 115 2754 224 2836; x_wconf 89' lang='grc' dir='ltr'><strong><em>μόνας</em></strong></span> <span class='ocrx_word' id='word_1_206' title='bbox 245 2755 365 2842; x_wconf 79' lang='grc' dir='ltr'><strong><em>ἡττᾶτο</em></strong></span> <span class='ocrx_word' id='word_1_207' title='bbox 389 2756 449 2834; x_wconf 77' lang='grc' dir='ltr'><strong><em>τοῖς</em></strong></span> <span class='ocrx_word' id='word_1_208' title='bbox 472 2765 534 2822; x_wconf 87' lang='grc' dir='ltr'><strong><em>τῶν</em></strong></span> <span class='ocrx_word' id='word_1_209' title='bbox 557 2767 715 2842; x_wconf 90' lang='grc' dir='ltr'><strong><em>γυναικῶν</em></strong></span> <span class='ocrx_word' id='word_1_210' title='bbox 737 2759 865 2848; x_wconf 79' lang='grc' dir='ltr'><strong><em>ήδονάς.</em></strong></span> <span class='ocrx_word' id='word_1_211' title='bbox 891 2759 1040 2833; x_wconf 86' lang='grc'>996,15.</span> <span class='ocrx_word' id='word_1_212' title='bbox 1070 2757 1148 2846; x_wconf 76' lang='grc' dir='ltr'><strong><em>ε’λέφ</em></strong></span> <span class='ocrx_word' id='word_1_213' title='bbox 1173 2769 1227 2849; x_wconf 78' lang='grc' dir='ltr'><strong><em>τῆς</em></strong></span> <span class='ocrx_word' id='word_1_214' title='bbox 1251 2760 1378 2838; x_wconf 82' lang='grc' dir='ltr'><strong><em>πόλεως</em></strong></span> <span class='ocrx_word' id='word_1_215' title='bbox 1401 2763 1456 2826; x_wconf 87' lang='grc' dir='ltr'><strong><em>καῖ</em></strong></span> 
     </span>
     <span class='ocr_line' id='line_1_24' title="bbox 116 2861 822 2954; baseline 0.006 -28"><span class='ocrx_word' id='word_1_216' title='bbox 116 2866 310 2954; x_wconf 70' lang='grc' dir='ltr'><strong><em>προμηθείᾳ</em></strong></span> <span class='ocrx_word' id='word_1_217' title='bbox 336 2871 473 2950; x_wconf 88' lang='grc' dir='ltr'><strong><em>τροφῶν,</em></strong></span> <span class='ocrx_word' id='word_1_218' title='bbox 498 2861 572 2928; x_wconf 71' lang='lat' dir='ltr'><strong>Mra.</strong></span> <span class='ocrx_word' id='word_1_219' title='bbox 597 2863 701 2928; x_wconf 77' lang='lat' dir='ltr'><strong>eontra</strong></span> <span class='ocrx_word' id='word_1_220' title='bbox 724 2861 822 2930; x_wconf 81' lang='lat' dir='ltr'><strong>Schw.</strong></span> 
     </span>
    </p>

    <p class='ocr_par' dir='ltr' id='par_1_10' title="bbox 115 2969 1457 3378">
     <span class='ocr_line' id='line_1_25' title="bbox 229 2969 1456 3063; baseline 0.005 -29"><span class='ocrx_word' id='word_1_221' title='bbox 229 2969 362 3046; x_wconf 91' lang='grc'>780,15</span> <span class='ocrx_word' id='word_1_222' title='bbox 391 2969 475 3034; x_wconf 79' lang='grc' dir='ltr'><strong><em>κατὰ</em></strong></span> <span class='ocrx_word' id='word_1_223' title='bbox 505 2969 604 3046; x_wconf 78' lang='grc' dir='ltr'><strong><em>δόξαν</em></strong></span> <span class='ocrx_word' id='word_1_224' title='bbox 634 2979 697 3035; x_wconf 89' lang='grc' dir='ltr'><strong><em>τῶν</em></strong></span> <span class='ocrx_word' id='word_1_225' title='bbox 727 2969 885 3037; x_wconf 80' lang='grc' dir='ltr'><strong><em>ἐπιόντων</em></strong></span> <span class='ocrx_word' id='word_1_226' title='bbox 917 2981 974 3037; x_wconf 81' lang='grc' dir='ltr'><strong><em>τοῦ</em></strong></span> <span class='ocrx_word' id='word_1_227' title='bbox 1004 2995 1039 3037; x_wconf 92' lang='grc' dir='ltr'><strong><em>τε</em></strong></span> <span class='ocrx_word' id='word_1_228' title='bbox 1069 2971 1221 3059; x_wconf 85' lang='grc' dir='ltr'><strong><em>πλήθους</em></strong></span> <span class='ocrx_word' id='word_1_229' title='bbox 1250 2976 1306 3040; x_wconf 88' lang='grc' dir='ltr'><strong><em>καῖ</em></strong></span> <span class='ocrx_word' id='word_1_230' title='bbox 1335 2977 1456 3063; x_wconf 78' lang='grc' dir='ltr'><strong><em>αἱρετῆς</em></strong></span> 
     </span>
     <span class='ocr_line' id='line_1_26' title="bbox 115 3075 1457 3168; baseline 0.005 -28"><span class='ocrx_word' id='word_1_231' title='bbox 115 3075 262 3158; x_wconf 83' lang='grc' dir='ltr'><strong><em>μάλιστα</em></strong></span> <span class='ocrx_word' id='word_1_232' title='bbox 291 3085 356 3142; x_wconf 92' lang='grc' dir='ltr'><strong><em>τῶν</em></strong></span> <span class='ocrx_word' id='word_1_233' title='bbox 378 3075 540 3160; x_wconf 80' lang='grc' dir='ltr'><strong><em>Νομάδων</em></strong></span> <span class='ocrx_word' id='word_1_234' title='bbox 569 3077 712 3151; x_wconf 81' lang='grc' dir='ltr'><strong><em>ἱππέων,</em></strong></span> <span class='ocrx_word' id='word_1_235' title='bbox 742 3076 818 3142; x_wconf 85' lang='lat' dir='ltr'><strong>Mfo.</strong></span> <span class='ocrx_word' id='word_1_236' title='bbox 844 3076 949 3160; x_wconf 81' lang='lat' dir='ltr'><strong>Zippcl</strong></span> <span class='ocrx_word' id='word_1_237' title='bbox 986 3076 1025 3143; x_wconf 85' lang='lat' dir='ltr'><strong>fc.</strong></span> <span class='ocrx_word' id='word_1_238' title='bbox 1057 3087 1115 3144; x_wconf 82' lang='grc' dir='ltr'><strong><em>τοῦ</em></strong></span> <span class='ocrx_word' id='word_1_239' title='bbox 1146 3103 1181 3144; x_wconf 90' lang='grc' dir='ltr'><strong><em>τε</em></strong></span> <span class='ocrx_word' id='word_1_240' title='bbox 1211 3079 1365 3168; x_wconf 81' lang='grc' dir='ltr'><strong><em>πλήθους</em></strong></span> <span class='ocrx_word' id='word_1_241' title='bbox 1392 3090 1457 3147; x_wconf 93' lang='grc' dir='ltr'><strong><em>τῶν</em></strong></span> 
     </span>
     <span class='ocr_line' id='line_1_27' title="bbox 116 3179 1456 3275; baseline 0.004 -28"><span class='ocrx_word' id='word_1_242' title='bbox 116 3179 291 3260; x_wconf 73' lang='grc' dir='ltr'><strong><em>ἐπιόντων,</em></strong></span> <span class='ocrx_word' id='word_1_243' title='bbox 314 3181 353 3248; x_wconf 82' lang='lat' dir='ltr'><strong>cf.</strong></span> <span class='ocrx_word' id='word_1_244' title='bbox 379 3182 509 3262; x_wconf 76' lang='grc'>787,15</span> <span class='ocrx_word' id='word_1_245' title='bbox 538 3183 622 3249; x_wconf 77' lang='grc' dir='ltr'><strong><em>κατὰ</em></strong></span> <span class='ocrx_word' id='word_1_246' title='bbox 651 3185 751 3262; x_wconf 80' lang='grc' dir='ltr'><strong><em>δόξαν</em></strong></span> <span class='ocrx_word' id='word_1_247' title='bbox 780 3194 843 3251; x_wconf 90' lang='grc' dir='ltr'><strong><em>τῶν</em></strong></span> <span class='ocrx_word' id='word_1_248' title='bbox 872 3187 1038 3268; x_wconf 89' lang='grc' dir='ltr'><strong><em>πολεμίων</em></strong></span> <span class='ocrx_word' id='word_1_249' title='bbox 1069 3194 1127 3250; x_wconf 83' lang='grc' dir='ltr'><strong><em>τοῦ</em></strong></span> <span class='ocrx_word' id='word_1_250' title='bbox 1158 3209 1192 3251; x_wconf 89' lang='grc' dir='ltr'><strong><em>τε</em></strong></span> <span class='ocrx_word' id='word_1_251' title='bbox 1222 3184 1373 3275; x_wconf 89' lang='grc' dir='ltr'><strong><em>πλήθους</em></strong></span> <span class='ocrx_word' id='word_1_252' title='bbox 1401 3190 1456 3254; x_wconf 88' lang='grc' dir='ltr'><strong><em>καῖ</em></strong></span> 
     </span>
     <span class='ocr_line' id='line_1_28' title="bbox 116 3289 441 3378; baseline 0 -22"><span class='ocrx_word' id='word_1_253' title='bbox 116 3289 284 3378; x_wconf 74' lang='grc' dir='ltr'><strong><em>ἀσκήσεως</em></strong></span> <span class='ocrx_word' id='word_1_254' title='bbox 307 3289 406 3373; x_wconf 87' lang='lat' dir='ltr'>(Nf0.)</span> <span class='ocrx_word' id='word_1_255' title='bbox 417 3289 441 3373; x_wconf 94' lang='lat' dir='ltr'><strong><em>l)</em></strong></span> 
     </span>
    </p>

    <p class='ocr_par' dir='ltr' id='par_1_11' title="bbox 116 3397 1455 4124">
     <span class='ocr_line' id='line_1_29' title="bbox 228 3397 1455 3488; baseline 0.002 -26"><span class='ocrx_word' id='word_1_256' title='bbox 228 3398 301 3475; x_wconf 83' lang='grc'>794,</span> <span class='ocrx_word' id='word_1_257' title='bbox 321 3398 362 3463; x_wconf 92' lang='grc'><strong><em>16</em></strong></span> <span class='ocrx_word' id='word_1_258' title='bbox 388 3397 505 3487; x_wconf 87' lang='grc' dir='ltr'><strong><em>ταύτης</em></strong></span> <span class='ocrx_word' id='word_1_259' title='bbox 529 3399 565 3462; x_wconf 77' lang='grc' dir='ltr'><strong><em>δὲ</em></strong></span> <span class='ocrx_word' id='word_1_260' title='bbox 581 3406 712 3463; x_wconf 82' lang='grc' dir='ltr'><strong><em>σκοπῶν</em></strong></span> <span class='ocrx_word' id='word_1_261' title='bbox 727 3398 867 3486; x_wconf 80' lang='grc' dir='ltr'><strong><em>ἡγοῦμαι</em></strong></span> <span class='ocrx_word' id='word_1_262' title='bbox 892 3407 945 3486; x_wconf 80' lang='grc' dir='ltr'><strong><em>τῆς</em></strong></span> <span class='ocrx_word' id='word_1_263' title='bbox 961 3397 1154 3488; x_wconf 87' lang='grc' dir='ltr'><strong><em>προσθήκης</em></strong></span> <span class='ocrx_word' id='word_1_264' title='bbox 1169 3398 1325 3487; x_wconf 77' lang='grc' dir='ltr'><strong><em>ἀφορμήν</em></strong></span> <span class='ocrx_word' id='word_1_265' title='bbox 1341 3401 1455 3483; x_wconf 80' lang='grc' dir='ltr'><strong><em>λαβεῖν</em></strong></span> 
     </span>
     <span class='ocr_line' id='line_1_30' title="bbox 117 3501 1454 3593; baseline -0.001 -23"><span class='ocrx_word' id='word_1_266' title='bbox 117 3503 335 3593; x_wconf 68' lang='grc' dir='ltr'><strong><em>ἐγχειρήσεως</em></strong></span> <span class='ocrx_word' id='word_1_267' title='bbox 358 3501 456 3569; x_wconf 81' lang='lat' dir='ltr'><strong>Schw.</strong></span> <span class='ocrx_word' id='word_1_268' title='bbox 480 3503 565 3569; x_wconf 85' lang='lat' dir='ltr'><strong>Mic..</strong></span> <span class='ocrx_word' id='word_1_269' title='bbox 590 3503 742 3569; x_wconf 87' lang='lat' dir='ltr'><strong>sententia</strong></span> <span class='ocrx_word' id='word_1_270' title='bbox 766 3501 845 3570; x_wconf 89' lang='lat' dir='ltr'><strong>inest</strong></span> <span class='ocrx_word' id='word_1_271' title='bbox 869 3503 956 3568; x_wconf 89' lang='lat' dir='ltr'><strong>haec:</strong></span> <span class='ocrx_word' id='word_1_272' title='bbox 985 3505 1161 3586; x_wconf 77' lang='lat' dir='ltr'><strong>„quaerenti</strong></span> <span class='ocrx_word' id='word_1_273' title='bbox 1185 3505 1330 3588; x_wconf 79' lang='grc' dir='ltr'><strong><em>(σκοπῶν</em></strong></span> <span class='ocrx_word' id='word_1_274' title='bbox 1344 3504 1381 3572; x_wconf 82' lang='grc' dir='ltr'><strong><em>Α.</em></strong></span> <span class='ocrx_word' id='word_1_275' title='bbox 1399 3506 1454 3589; x_wconf 77' lang='lat' dir='ltr'><strong><em>Vi)</em></strong></span> 
     </span>
     <span class='ocr_line' id='line_1_31' title="bbox 118 3609 1453 3697; baseline 0.001 -22"><span class='ocrx_word' id='word_1_276' title='bbox 118 3610 198 3675; x_wconf 91' lang='lat' dir='ltr'><strong>mihi</strong></span> <span class='ocrx_word' id='word_1_277' title='bbox 222 3610 362 3676; x_wconf 87' lang='lat' dir='ltr'><strong>videntur</strong></span> <span class='ocrx_word' id='word_1_278' title='bbox 385 3609 424 3675; x_wconf 89' lang='lat' dir='ltr'><strong>ab</strong></span> <span class='ocrx_word' id='word_1_279' title='bbox 447 3610 501 3675; x_wconf 92' lang='lat' dir='ltr'><strong>illo</strong></span> <span class='ocrx_word' id='word_1_280' title='bbox 525 3609 732 3675; x_wconf 88' lang='lat' dir='ltr'><strong>additamento</strong></span> <span class='ocrx_word' id='word_1_281' title='bbox 755 3609 789 3694; x_wconf 90' lang='lat' dir='ltr'><strong><em>(i.</em></strong></span> <span class='ocrx_word' id='word_1_282' title='bbox 807 3629 832 3676; x_wconf 91' lang='lat' dir='ltr'><strong>e.</strong></span> <span class='ocrx_word' id='word_1_283' title='bbox 850 3630 868 3676; x_wconf 94' lang='lat' dir='ltr'><strong>a</strong></span> <span class='ocrx_word' id='word_1_284' title='bbox 884 3611 964 3694; x_wconf 85' lang='lat' dir='ltr'><strong>regis</strong></span> <span class='ocrx_word' id='word_1_285' title='bbox 980 3609 1115 3695; x_wconf 86' lang='lat' dir='ltr'><strong>nomine)</strong></span> <span class='ocrx_word' id='word_1_286' title='bbox 1138 3610 1365 3677; x_wconf 86' lang='lat' dir='ltr'><strong>occasionem</strong></span> <span class='ocrx_word' id='word_1_287' title='bbox 1382 3613 1453 3697; x_wconf 90' lang='lat' dir='ltr'><strong>(non</strong></span> 
     </span>
     <span class='ocr_line' id='line_1_32' title="bbox 122 3713 1453 3802; baseline 0.008 -28"><span class='ocrx_word' id='word_1_288' title='bbox 122 3718 304 3798; x_wconf 63' lang='lat' dir='ltr'><strong>scansam«)</strong></span> <span class='ocrx_word' id='word_1_289' title='bbox 332 3717 456 3797; x_wconf 84' lang='lat' dir='ltr'><strong>petiisse</strong></span> <span class='ocrx_word' id='word_1_290' title='bbox 486 3713 684 3802; x_wconf 83' lang='lat' dir='ltr'><strong>aggrediendi</strong></span> <span class='ocrx_word' id='word_1_291' title='bbox 712 3716 827 3799; x_wconf 71' lang='lat' dir='ltr'><strong>operis*</strong></span> <span class='ocrx_word' id='word_1_292' title='bbox 856 3716 1069 3801; x_wconf 89' lang='lat' dir='ltr'><strong>(interficiendi</strong></span> <span class='ocrx_word' id='word_1_293' title='bbox 1093 3715 1254 3800; x_wconf 80' lang='lat' dir='ltr'><strong>Caesaris).</strong></span> <span class='ocrx_word' id='word_1_294' title='bbox 1287 3718 1319 3796; x_wconf 81' lang='grc' dir='ltr'><strong><em>ἐς</em></strong></span> <span class='ocrx_word' id='word_1_295' title='bbox 1342 3738 1366 3783; x_wconf 92' lang='lat' dir='ltr'><strong>c.</strong></span> <span class='ocrx_word' id='word_1_296' title='bbox 1392 3738 1453 3786; x_wconf 88' lang='lat' dir='ltr'><strong>aec.</strong></span> 
     </span>
     <span class='ocr_line' id='line_1_33' title="bbox 116 3822 1454 3915; baseline 0.002 -29"><span class='ocrx_word' id='word_1_297' title='bbox 116 3822 252 3905; x_wconf 82' lang='lat' dir='ltr'><strong>legimus</strong></span> <span class='ocrx_word' id='word_1_298' title='bbox 270 3823 343 3900; x_wconf 88' lang='grc'>754,</span> <span class='ocrx_word' id='word_1_299' title='bbox 355 3824 408 3902; x_wconf 89' lang='grc'><strong><em>25,</em></strong></span> <span class='ocrx_word' id='word_1_300' title='bbox 424 3822 478 3889; x_wconf 84' lang='lat' dir='ltr'><strong><em>ubi</em></strong></span> <span class='ocrx_word' id='word_1_301' title='bbox 494 3822 581 3901; x_wconf 63' lang='lat' dir='ltr'><strong>Mfd„</strong></span> <span class='ocrx_word' id='word_1_302' title='bbox 606 3842 633 3889; x_wconf 85' lang='lat' dir='ltr'><strong><em>v.</em></strong></span> <span class='ocrx_word' id='word_1_303' title='bbox 648 3822 720 3890; x_wconf 81' lang='lat' dir='ltr'><strong>ch.</strong></span> <span class='ocrx_word' id='word_1_304' title='bbox 738 3825 779 3902; x_wconf 88' lang='grc' dir='ltr'><strong><em>ῶς</em></strong></span> <span class='ocrx_word' id='word_1_305' title='bbox 794 3824 990 3915; x_wconf 91' lang='grc' dir='ltr'><strong><em>προσθήκην</em></strong></span> <span class='ocrx_word' id='word_1_306' title='bbox 1005 3823 1123 3914; x_wconf 81' lang='grc' dir='ltr'><strong><em>ῥοπήν)</em></strong></span> <span class='ocrx_word' id='word_1_307' title='bbox 1147 3825 1221 3903; x_wconf 89' lang='grc'>607,</span> <span class='ocrx_word' id='word_1_308' title='bbox 1238 3826 1258 3888; x_wconf 90' lang='grc'>2</span> <span class='ocrx_word' id='word_1_309' title='bbox 1274 3832 1454 3913; x_wconf 84' lang='grc' dir='ltr'><strong><em>Νουκερίας</em></strong></span> 
     </span>
     <span class='ocr_line' id='line_1_34' title="bbox 118 3929 1455 4023; baseline 0.004 -29"><span class='ocrx_word' id='word_1_310' title='bbox 118 3929 161 3995; x_wconf 79' lang='grc' dir='ltr'><strong><em>τά</em></strong></span> <span class='ocrx_word' id='word_1_311' title='bbox 193 3929 228 3995; x_wconf 78' lang='grc' dir='ltr'><strong><em>ἐν</em></strong></span> <span class='ocrx_word' id='word_1_312' title='bbox 260 3929 375 4017; x_wconf 78' lang='grc' dir='ltr'><strong><em>κύκλῳ.</em></strong></span> <span class='ocrx_word' id='word_1_313' title='bbox 423 3930 543 4008; x_wconf 93' lang='grc'>821,3</span> <span class='ocrx_word' id='word_1_314' title='bbox 574 3929 815 4014; x_wconf 78' lang='grc' dir='ltr'><strong><em>διαβαλλόντων</em></strong></span> <span class='ocrx_word' id='word_1_315' title='bbox 846 3931 929 4021; x_wconf 82' lang='grc' dir='ltr'><strong><em>ἡμᾶς</em></strong></span> <span class='ocrx_word' id='word_1_316' title='bbox 959 3931 991 4010; x_wconf 81' lang='grc' dir='ltr'><strong><em>ἐς</em></strong></span> <span class='ocrx_word' id='word_1_317' title='bbox 1021 3931 1130 3998; x_wconf 87' lang='grc' dir='ltr'><strong><em>αἰτίαν</em></strong></span> <span class='ocrx_word' id='word_1_318' title='bbox 1158 3932 1299 4020; x_wconf 83' lang='grc' dir='ltr'><strong><em>άπορίας</em></strong></span> <span class='ocrx_word' id='word_1_319' title='bbox 1328 3931 1455 4023; x_wconf 86' lang='grc' dir='ltr'><strong><em>εἰρήνης</em></strong></span> 
     </span>
     <span class='ocr_line' id='line_1_35' title="bbox 117 4035 302 4124; baseline 0.011 -24"><span class='ocrx_word' id='word_1_320' title='bbox 117 4035 302 4124; x_wconf 73' lang='grc' dir='ltr'><strong><em>ἀσφαλοῦς.</em></strong></span> 
     </span>
    </p>

    <p class='ocr_par' dir='ltr' id='par_1_12' title="bbox 116 4142 1454 4338">
     <span class='ocr_line' id='line_1_36' title="bbox 228 4142 1454 4234; baseline 0.002 -27"><span class='ocrx_word' id='word_1_321' title='bbox 228 4143 340 4222; x_wconf 89' lang='grc'>668,3</span> <span class='ocrx_word' id='word_1_322' title='bbox 364 4142 454 4220; x_wconf 84' lang='lat' dir='ltr'><strong>Mf0.;</strong></span> <span class='ocrx_word' id='word_1_323' title='bbox 477 4143 613 4232; x_wconf 74' lang='grc' dir='ltr'><strong><em>α’φόβως</em></strong></span> <span class='ocrx_word' id='word_1_324' title='bbox 636 4145 754 4232; x_wconf 78' lang='grc' dir='ltr'><strong><em>ἑτέρων</em></strong></span> <span class='ocrx_word' id='word_1_325' title='bbox 771 4173 808 4201; x_wconf 89' lang='lat'>=</span> <span class='ocrx_word' id='word_1_326' title='bbox 827 4145 906 4210; x_wconf 80' lang='grc' dir='ltr'><strong><em>ἄνευ</em></strong></span> <span class='ocrx_word' id='word_1_327' title='bbox 931 4145 1039 4233; x_wconf 77' lang='grc' dir='ltr'><strong><em>φόβου</em></strong></span> <span class='ocrx_word' id='word_1_328' title='bbox 1065 4146 1184 4234; x_wconf 77' lang='grc' dir='ltr'><strong><em>ἑτέρων</em></strong></span> <span class='ocrx_word' id='word_1_329' title='bbox 1202 4175 1239 4200; x_wconf 96' lang='lat'><strong><em>=</em></strong></span> <span class='ocrx_word' id='word_1_330' title='bbox 1258 4147 1371 4212; x_wconf 76' lang='lat' dir='ltr'><strong>ceteros</strong></span> <span class='ocrx_word' id='word_1_331' title='bbox 1394 4164 1454 4212; x_wconf 86' lang='lat' dir='ltr'><strong><em>nou</em></strong></span> 
     </span>
     <span class='ocr_line' id='line_1_37' title="bbox 116 4249 872 4338; baseline 0.004 -23"><span class='ocrx_word' id='word_1_332' title='bbox 116 4249 273 4315; x_wconf 86' lang='lat' dir='ltr'><strong>timentes.</strong></span> <span class='ocrx_word' id='word_1_333' title='bbox 868 4330 872 4338; x_wconf 30' lang='grc'>1</span> 
     </span>
    </p>

    <p class='ocr_par' dir='ltr' id='par_1_13' title="bbox 115 4356 1455 4554">
     <span class='ocr_line' id='line_1_38' title="bbox 228 4356 1455 4450; baseline 0.001 -26"><span class='ocrx_word' id='word_1_334' title='bbox 228 4356 354 4424; x_wconf 77' lang='lat' dir='ltr'><strong>Extaret</strong></span> <span class='ocrx_word' id='word_1_335' title='bbox 380 4357 518 4442; x_wconf 50' lang='lat' dir='ltr'><strong><em>(lenique⁸</em></strong></span> <span class='ocrx_word' id='word_1_336' title='bbox 536 4357 695 4442; x_wconf 85' lang='lat' dir='ltr'><strong>genetivus</strong></span> <span class='ocrx_word' id='word_1_337' title='bbox 722 4357 888 4424; x_wconf 88' lang='lat' dir='ltr'><strong>obiectivus</strong></span> <span class='ocrx_word' id='word_1_338' title='bbox 911 4359 985 4440; x_wconf 83' lang='grc'>875,</span> <span class='ocrx_word' id='word_1_339' title='bbox 1003 4361 1033 4437; x_wconf 90' lang='grc'><strong><em>9,</em></strong></span> <span class='ocrx_word' id='word_1_340' title='bbox 1057 4358 1117 4425; x_wconf 87' lang='lat' dir='ltr'><strong>uisi</strong></span> <span class='ocrx_word' id='word_1_341' title='bbox 1145 4359 1235 4424; x_wconf 88' lang='lat' dir='ltr'><strong>verba</strong></span> <span class='ocrx_word' id='word_1_342' title='bbox 1258 4369 1312 4444; x_wconf 83' lang='grc' dir='ltr'><strong><em>της</em></strong></span> <span class='ocrx_word' id='word_1_343' title='bbox 1334 4363 1455 4450; x_wconf 76' lang='grc' dir='ltr'><strong><em>βουλῆς</em></strong></span> 
     </span>
     <span class='ocr_line' id='line_1_39' title="bbox 115 4461 1453 4554; baseline 0.001 -25"><span class='ocrx_word' id='word_1_344' title='bbox 115 4484 134 4530; x_wconf 92' lang='lat' dir='ltr'><strong>e</strong></span> <span class='ocrx_word' id='word_1_345' title='bbox 159 4461 299 4529; x_wconf 82' lang='lat' dir='ltr'><strong>versibus</strong></span> <span class='ocrx_word' id='word_1_346' title='bbox 323 4465 433 4532; x_wconf 89' lang='lat'>10.11</span> <span class='ocrx_word' id='word_1_347' title='bbox 458 4461 661 4545; x_wconf 77' lang='lat' dir='ltr'><strong>irrepsissent</strong></span> <span class='ocrx_word' id='word_1_348' title='bbox 684 4463 722 4528; x_wconf 84' lang='lat' dir='ltr'><strong>ci.</strong></span> <span class='ocrx_word' id='word_1_349' title='bbox 749 4465 859 4543; x_wconf 85' lang='lat'>880‚8</span> <span class='ocrx_word' id='word_1_350' title='bbox 883 4464 949 4549; x_wconf 92' lang='lat' dir='ltr'><strong>(ubi</strong></span> <span class='ocrx_word' id='word_1_351' title='bbox 975 4474 1029 4554; x_wconf 77' lang='grc' dir='ltr'><strong><em>τῆς</em></strong></span> <span class='ocrx_word' id='word_1_352' title='bbox 1052 4465 1251 4552; x_wconf 85' lang='grc' dir='ltr'><strong><em>προφάσεως</em></strong></span> <span class='ocrx_word' id='word_1_353' title='bbox 1266 4484 1326 4532; x_wconf 90' lang='lat' dir='ltr'><strong><em>uon</em></strong></span> <span class='ocrx_word' id='word_1_354' title='bbox 1342 4465 1453 4548; x_wconf 89' lang='lat' dir='ltr'><strong>depen-</strong></span> 
     </span>
    </p>
   </div>
   <div class='ocr_carea' id='block_1_8' title="bbox 231 4674 511 4746">
    <p class='ocr_par' dir='ltr' id='par_1_14' title="bbox 231 4674 511 4746">
     <span class='ocr_line' id='line_1_40' title="bbox 231 4674 511 4746; baseline 0.004 -16"><span class='ocrx_word' id='word_1_355' title='bbox 231 4676 252 4746; x_wconf 89' lang='grc'><strong><em>1)</em></strong></span> <span class='ocrx_word' id='word_1_356' title='bbox 287 4674 320 4731; x_wconf 86' lang='lat' dir='ltr'><strong>ci.</strong></span> <span class='ocrx_word' id='word_1_357' title='bbox 339 4674 372 4730; x_wconf 87' lang='lat' dir='ltr'><strong><em>do</em></strong></span> <span class='ocrx_word' id='word_1_358' title='bbox 390 4675 511 4732; x_wconf 87' lang='lat' dir='ltr'><strong>articulo.</strong></span> 
     </span>
    </p>
   </div>
   <div class='ocr_carea' id='block_1_9' title="bbox 0 0 1724 5238">
    <p class='ocr_par' dir='ltr' id='par_1_15' title="bbox 0 0 1724 5238">
     <span class='ocr_line' id='line_1_41' title="bbox 0 0 1724 5238; baseline 0 0"><span class='ocrx_word' id='word_1_359' title='bbox 0 0 1724 5238; x_wconf 95' lang='lat' dir='ltr'><strong><em> </em></strong></span> 
     </span>
    </p>
   </div>
  </div>
 </body>
</html>
